@inproceedings{Bansal:2018:EDT:3278721.3278795,
 author = {Bansal, Gagan},
 title = {Explanatory Dialogs: Towards Actionable, Interactive Explanations},
 booktitle = {Proceedings of the 2018 AAAI/ACM Conference on AI, Ethics, and Society},
 series = {AIES '18},
 year = {2018},
 isbn = {978-1-4503-6012-8},
 location = {New Orleans, LA, USA},
 pages = {356--357},
 numpages = {2},
 url = {http://doi.acm.org/10.1145/3278721.3278795},
 doi = {10.1145/3278721.3278795},
 acmid = {3278795},
 publisher = {ACM},
 address = {New York, NY, USA},
 keywords = {Explainable AI},
}

@inproceedings{Ehsan:2018:RNM:3278721.3278736,
 author = {Ehsan, Upol and Harrison, Brent and Chan, Larry and Riedl, Mark O.},
 title = {Rationalization: A Neural Machine Translation Approach to Generating Natural Language Explanations},
 booktitle = {Proceedings of the 2018 AAAI/ACM Conference on AI, Ethics, and Society},
 series = {AIES '18},
 year = {2018},
 isbn = {978-1-4503-6012-8},
 location = {New Orleans, LA, USA},
 pages = {81--87},
 numpages = {7},
 url = {http://doi.acm.org/10.1145/3278721.3278736},
 doi = {10.1145/3278721.3278736},
 acmid = {3278736},
 publisher = {ACM},
 address = {New York, NY, USA},
 keywords = {ai rationalization, artificial intelligence, explainable ai, interpretability, machine learning, transparency, user perception},
}

@inproceedings{Abdul:2018:TTE:3173574.3174156,
 author = {Abdul, Ashraf and Vermeulen, Jo and Wang, Danding and Lim, Brian Y. and Kankanhalli, Mohan},
 title = {Trends and Trajectories for Explainable, Accountable and Intelligible Systems: An HCI Research Agenda},
 booktitle = {Proceedings of the 2018 CHI Conference on Human Factors in Computing Systems},
 series = {CHI '18},
 year = {2018},
 isbn = {978-1-4503-5620-6},
 location = {Montreal QC, Canada},
 pages = {582:1--582:18},
 articleno = {582},
 numpages = {18},
 url = {http://doi.acm.org/10.1145/3173574.3174156},
 doi = {10.1145/3173574.3174156},
 acmid = {3174156},
 publisher = {ACM},
 address = {New York, NY, USA},
 keywords = {explainable artificial intelli-gence, explanations, intelligibility, interpretable machine learning},
}

@inproceedings{Mittelstadt:2019:EEA:3287560.3287574,
 author = {Mittelstadt, Brent and Russell, Chris and Wachter, Sandra},
 title = {Explaining Explanations in AI},
 booktitle = {Proceedings of the Conference on Fairness, Accountability, and Transparency},
 series = {FAT* '19},
 year = {2019},
 isbn = {978-1-4503-6125-5},
 location = {Atlanta, GA, USA},
 pages = {279--288},
 numpages = {10},
 url = {http://doi.acm.org/10.1145/3287560.3287574},
 doi = {10.1145/3287560.3287574},
 acmid = {3287574},
 publisher = {ACM},
 address = {New York, NY, USA},
 keywords = {Accountability, Explanations, Interpretability, Philosophy of Science},
}

@inproceedings{Ribeiro:2016:WIT:2939672.2939778,
 author = {Ribeiro, Marco Tulio and Singh, Sameer and Guestrin, Carlos},
 title = {"Why Should I Trust You?": Explaining the Predictions of Any Classifier},
 booktitle = {Proceedings of the 22Nd ACM SIGKDD International Conference on Knowledge Discovery and Data Mining},
 series = {KDD '16},
 year = {2016},
 isbn = {978-1-4503-4232-2},
 location = {San Francisco, California, USA},
 pages = {1135--1144},
 numpages = {10},
 url = {http://doi.acm.org/10.1145/2939672.2939778},
 doi = {10.1145/2939672.2939778},
 acmid = {2939778},
 publisher = {ACM},
 address = {New York, NY, USA},
 keywords = {black box classifier, explaining machine learning, interpretability, interpretable machine learning},
}

@inproceedings{Pastor:2019:EBB:3297280.3297328,
 author = {Pastor, Eliana and Baralis, Elena},
 title = {Explaining Black Box Models by Means of Local Rules},
 booktitle = {Proceedings of the 34th ACM/SIGAPP Symposium on Applied Computing},
 series = {SAC '19},
 year = {2019},
 isbn = {978-1-4503-5933-7},
 location = {Limassol, Cyprus},
 pages = {510--517},
 numpages = {8},
 url = {http://doi.acm.org/10.1145/3297280.3297328},
 doi = {10.1145/3297280.3297328},
 acmid = {3297328},
 publisher = {ACM},
 address = {New York, NY, USA},
 keywords = {interpretability, local model, prediction explanation},
}

@inproceedings{Singh:2019:EES:3289600.3290620,
 author = {Singh, Jaspreet and Anand, Avishek},
 title = {EXS: Explainable Search Using Local Model Agnostic Interpretability},
 booktitle = {Proceedings of the Twelfth ACM International Conference on Web Search and Data Mining},
 series = {WSDM '19},
 year = {2019},
 isbn = {978-1-4503-5940-5},
 location = {Melbourne VIC, Australia},
 pages = {770--773},
 numpages = {4},
 url = {http://doi.acm.org/10.1145/3289600.3290620},
 doi = {10.1145/3289600.3290620},
 acmid = {3290620},
 publisher = {ACM},
 address = {New York, NY, USA},
 keywords = {explainable search, interpretability, neural ranking models},
}

@inproceedings{Strobel:2018:AAE:3278721.3278788,
 author = {Strobel, Martin},
 title = {An Axiomatic Approach to Explain Computer Generated Decisions: Extended Abstract},
 booktitle = {Proceedings of the 2018 AAAI/ACM Conference on AI, Ethics, and Society},
 series = {AIES '18},
 year = {2018},
 isbn = {978-1-4503-6012-8},
 location = {New Orleans, LA, USA},
 pages = {380--381},
 numpages = {2},
 url = {http://doi.acm.org/10.1145/3278721.3278788},
 doi = {10.1145/3278721.3278788},
 acmid = {3278788},
 publisher = {ACM},
 address = {New York, NY, USA},
 keywords = {axiomatic approach, explainable machine learning},
}

@inproceedings{Ehsan:2019:ARG:3301275.3302316,
 author = {Ehsan, Upol and Tambwekar, Pradyumna and Chan, Larry and Harrison, Brent and Riedl, Mark O.},
 title = {Automated Rationale Generation: A Technique for Explainable AI and Its Effects on Human Perceptions},
 booktitle = {Proceedings of the 24th International Conference on Intelligent User Interfaces},
 series = {IUI '19},
 year = {2019},
 isbn = {978-1-4503-6272-6},
 location = {Marina del Ray, California},
 pages = {263--274},
 numpages = {12},
 url = {http://doi.acm.org/10.1145/3301275.3302316},
 doi = {10.1145/3301275.3302316},
 acmid = {3302316},
 publisher = {ACM},
 address = {New York, NY, USA},
 keywords = {algorithmic decision-making, algorithmic explanation, artificial intelligence, explainable AI, interpretability, machine learning, rationale generation, transparency, user perception},
}

@article{Biecek:2018:DEC:3291125.3309646,
 author = {Biecek, Przemys\law},
 title = {DALEX: Explainers for Complex Predictive Models in R},
 journal = {J. Mach. Learn. Res.},
 issue_date = {January 2018},
 volume = {19},
 number = {1},
 month = jan,
 year = {2018},
 issn = {1532-4435},
 pages = {3245--3249},
 numpages = {5},
 url = {http://dl.acm.org/citation.cfm?id=3291125.3309646},
 acmid = {3309646},
 publisher = {JMLR.org},
 keywords = {explainable artificial intelligence, interpretable machine learning, model visualization, predictive modelling},
}

@inproceedings{Bridge:2017:ERF:3126858.3133312,
 author = {Bridge, Derek},
 title = {Explaining Recommendations: Fidelity Versus Interpretability},
 booktitle = {Proceedings of the 23rd Brazillian Symposium on Multimedia and the Web},
 series = {WebMedia '17},
 year = {2017},
 isbn = {978-1-4503-5096-9},
 location = {Gramado, RS, Brazil},
 pages = {5--5},
 numpages = {1},
 url = {http://doi.acm.org/10.1145/3126858.3133312},
 doi = {10.1145/3126858.3133312},
 acmid = {3133312},
 publisher = {ACM},
 address = {New York, NY, USA},
 keywords = {explanations, fidelity, recommendations},
}

@inproceedings{Abdollahi:2017:UEC:3109859.3109913,
 author = {Abdollahi, Behnoush and Nasraoui, Olfa},
 title = {Using Explainability for Constrained Matrix Factorization},
 booktitle = {Proceedings of the Eleventh ACM Conference on Recommender Systems},
 series = {RecSys '17},
 year = {2017},
 isbn = {978-1-4503-4652-8},
 location = {Como, Italy},
 pages = {79--83},
 numpages = {5},
 url = {http://doi.acm.org/10.1145/3109859.3109913},
 doi = {10.1145/3109859.3109913},
 acmid = {3109913},
 publisher = {ACM},
 address = {New York, NY, USA},
 keywords = {explanations, interpretable models, latent factor models, matrix factorization, recommender systems},
}

@inproceedings{Gilpin:2018:RPC:3173386.3176994,
 author = {Gilpin, Leilani H. and Zaman, Cagri and Olson, Danielle and Yuan, Ben Z.},
 title = {Reasonable Perception: Connecting Vision and Language Systems for Validating Scene Descriptions},
 booktitle = {Companion of the 2018 ACM/IEEE International Conference on Human-Robot Interaction},
 series = {HRI '18},
 year = {2018},
 isbn = {978-1-4503-5615-2},
 location = {Chicago, IL, USA},
 pages = {115--116},
 numpages = {2},
 url = {http://doi.acm.org/10.1145/3173386.3176994},
 doi = {10.1145/3173386.3176994},
 acmid = {3176994},
 publisher = {ACM},
 address = {New York, NY, USA},
 keywords = {commonsense reasoning, explainable ai, explainable robotic systems, virtual reality},
}

@inproceedings{Costa:2018:AGN:3180308.3180366,
 author = {Costa, Felipe and Ouyang, Sixun and Dolog, Peter and Lawlor, Aonghus},
 title = {Automatic Generation of Natural Language Explanations},
 booktitle = {Proceedings of the 23rd International Conference on Intelligent User Interfaces Companion},
 series = {IUI '18 Companion},
 year = {2018},
 isbn = {978-1-4503-5571-1},
 location = {Tokyo, Japan},
 pages = {57:1--57:2},
 articleno = {57},
 numpages = {2},
 url = {http://doi.acm.org/10.1145/3180308.3180366},
 doi = {10.1145/3180308.3180366},
 acmid = {3180366},
 publisher = {ACM},
 address = {New York, NY, USA},
 keywords = {Explainability, Explanations, Natural Language Generation, Neural Network, Recommender systems},
}

@inproceedings{Amir:2018:ASS:3237383.3237877,
 author = {Amir, Ofra and Doshi-Velez, Finale and Sarne, David},
 title = {Agent Strategy Summarization},
 booktitle = {Proceedings of the 17th International Conference on Autonomous Agents and MultiAgent Systems},
 series = {AAMAS '18},
 year = {2018},
 location = {Stockholm, Sweden},
 pages = {1203--1207},
 numpages = {5},
 url = {http://dl.acm.org/citation.cfm?id=3237383.3237877},
 acmid = {3237877},
 publisher = {International Foundation for Autonomous Agents and Multiagent Systems},
 address = {Richland, SC},
 keywords = {explainable ai, strategy summarization},
}

@inproceedings{Nguyen:2019:EMA:3301275.3302276,
 author = {Nguyen, An T. and Lease, Matthew and Wallace, Byron C.},
 title = {Explainable Modeling of Annotations in Crowdsourcing},
 booktitle = {Proceedings of the 24th International Conference on Intelligent User Interfaces},
 series = {IUI '19},
 year = {2019},
 isbn = {978-1-4503-6272-6},
 location = {Marina del Ray, California},
 pages = {575--579},
 numpages = {5},
 url = {http://doi.acm.org/10.1145/3301275.3302276},
 doi = {10.1145/3301275.3302276},
 acmid = {3302276},
 publisher = {ACM},
 address = {New York, NY, USA},
 keywords = {clustering, crowdsourcing, explainable},
}

@inproceedings{Guo:2018:LED:3243734.3243792,
 author = {Guo, Wenbo and Mu, Dongliang and Xu, Jun and Su, Purui and Wang, Gang and Xing, Xinyu},
 title = {LEMNA: Explaining Deep Learning Based Security Applications},
 booktitle = {Proceedings of the 2018 ACM SIGSAC Conference on Computer and Communications Security},
 series = {CCS '18},
 year = {2018},
 isbn = {978-1-4503-5693-0},
 location = {Toronto, Canada},
 pages = {364--379},
 numpages = {16},
 url = {http://doi.acm.org/10.1145/3243734.3243792},
 doi = {10.1145/3243734.3243792},
 acmid = {3243792},
 publisher = {ACM},
 address = {New York, NY, USA},
 keywords = {binary analysis, deep recurrent neural networks, explainable AI},
}

@article{Hind:2019:EEA:3325198.3313096,
 author = {Hind, Michael},
 title = {Explaining Explainable AI},
 journal = {XRDS},
 issue_date = {Spring 2019},
 volume = {25},
 number = {3},
 month = apr,
 year = {2019},
 issn = {1528-4972},
 pages = {16--19},
 numpages = {4},
 url = {http://doi.acm.org/10.1145/3313096},
 doi = {10.1145/3313096},
 acmid = {3313096},
 publisher = {ACM},
 address = {New York, NY, USA},
}

@inproceedings{Ahmad:2018:IML:3233547.3233667,
 author = {Ahmad, Muhammad Aurangzeb and Eckert, Carly and Teredesai, Ankur},
 title = {Interpretable Machine Learning in Healthcare},
 booktitle = {Proceedings of the 2018 ACM International Conference on Bioinformatics, Computational Biology, and Health Informatics},
 series = {BCB '18},
 year = {2018},
 isbn = {978-1-4503-5794-4},
 location = {Washington, DC, USA},
 pages = {559--560},
 numpages = {2},
 url = {http://doi.acm.org/10.1145/3233547.3233667},
 doi = {10.1145/3233547.3233667},
 acmid = {3233667},
 publisher = {ACM},
 address = {New York, NY, USA},
 keywords = {explainable ai, explainable machine learning, interpretable machine learning, machine learning in healthcare},
}

@inproceedings{Baral:2018:RRA:3209219.3209237,
 author = {Baral, Ramesh and Zhu, XiaoLong and Iyengar, S. S. and Li, Tao},
 title = {ReEL: Review Aware Explanation of Location Recommendation},
 booktitle = {Proceedings of the 26th Conference on User Modeling, Adaptation and Personalization},
 series = {UMAP '18},
 year = {2018},
 isbn = {978-1-4503-5589-6},
 location = {Singapore, Singapore},
 pages = {23--32},
 numpages = {10},
 url = {http://doi.acm.org/10.1145/3209219.3209237},
 doi = {10.1145/3209219.3209237},
 acmid = {3209237},
 publisher = {ACM},
 address = {New York, NY, USA},
 keywords = {explainable recommendation, information retrieval, social networks},
}

@inproceedings{Schuessler:2019:MEC:3290607.3312823,
 author = {Schuessler, Martin and Wei\ss, Philipp},
 title = {Minimalistic Explanations: Capturing the Essence of Decisions},
 booktitle = {Extended Abstracts of the 2019 CHI Conference on Human Factors in Computing Systems},
 series = {CHI EA '19},
 year = {2019},
 isbn = {978-1-4503-5971-9},
 location = {Glasgow, Scotland Uk},
 pages = {LBW2810:1--LBW2810:6},
 articleno = {LBW2810},
 numpages = {6},
 url = {http://doi.acm.org/10.1145/3290607.3312823},
 doi = {10.1145/3290607.3312823},
 acmid = {3312823},
 publisher = {ACM},
 address = {New York, NY, USA},
 keywords = {deep neural networks, explanations, image classification, interpretable machine learning},
}

@article{Israelsen:2019:XAY:3303862.3267338,
 author = {Israelsen, Brett W. and Ahmed, Nisar R.},
 title = {\&\#x201C;Dave...I Can Assure You ...That It\&\#x2019;s Going to Be All Right ...\&\#x201D; A Definition, Case for, and Survey of Algorithmic Assurances in Human-Autonomy Trust Relationships},
 journal = {ACM Comput. Surv.},
 issue_date = {February 2019},
 volume = {51},
 number = {6},
 month = jan,
 year = {2019},
 issn = {0360-0300},
 pages = {113:1--113:37},
 articleno = {113},
 numpages = {37},
 url = {http://doi.acm.org/10.1145/3267338},
 doi = {10.1145/3267338},
 acmid = {3267338},
 publisher = {ACM},
 address = {New York, NY, USA},
 keywords = {Human-computer trust, accountability, algorithmic assurances, explainable artificial intelligence, fairness, interpretable machine learning, transparency},
}

@inproceedings{Ghazimatin:2019:FFU:3289600.3290990,
 author = {Ghazimatin, Azin and Saha Roy, Rishiraj and Weikum, Gerhard},
 title = {FAIRY: A Framework for Understanding Relationships Between Users' Actions and Their Social Feeds},
 booktitle = {Proceedings of the Twelfth ACM International Conference on Web Search and Data Mining},
 series = {WSDM '19},
 year = {2019},
 isbn = {978-1-4503-5940-5},
 location = {Melbourne VIC, Australia},
 pages = {240--248},
 numpages = {9},
 url = {http://doi.acm.org/10.1145/3289600.3290990},
 doi = {10.1145/3289600.3290990},
 acmid = {3290990},
 publisher = {ACM},
 address = {New York, NY, USA},
 keywords = {explanation paths, interpretability, social feeds, user actions},
}

@inproceedings{Popat:2018:CCL:3184558.3186967,
 author = {Popat, Kashyap and Mukherjee, Subhabrata and Str\"{o}tgen, Jannik and Weikum, Gerhard},
 title = {CredEye: A Credibility Lens for Analyzing and Explaining Misinformation},
 booktitle = {Companion Proceedings of the The Web Conference 2018},
 series = {WWW '18},
 year = {2018},
 isbn = {978-1-4503-5640-4},
 location = {Lyon, France},
 pages = {155--158},
 numpages = {4},
 url = {https://doi.org/10.1145/3184558.3186967},
 doi = {10.1145/3184558.3186967},
 acmid = {3186967},
 publisher = {International World Wide Web Conferences Steering Committee},
 address = {Republic and Canton of Geneva, Switzerland},
 keywords = {credibility analysis, fact checking, interpretable learning},
}

@inproceedings{Kuo:2008:FEA:1486927.1486968,
 author = {Kuo, Yen-Ting and Sonenberg, Liz and Lonie, Andrew},
 title = {Finding Explanations for Assisting Pattern Interpretation},
 booktitle = {Proceedings of the 2008 IEEE/WIC/ACM International Conference on Web Intelligence and Intelligent Agent Technology - Volume 01},
 series = {WI-IAT '08},
 year = {2008},
 isbn = {978-0-7695-3496-1},
 pages = {48--51},
 numpages = {4},
 url = {http://dx.doi.org/10.1109/WIIAT.2008.330},
 doi = {10.1109/WIIAT.2008.330},
 acmid = {1486968},
 publisher = {IEEE Computer Society},
 address = {Washington, DC, USA},
 keywords = {explanation generation, pattern interpretation},
}

@inproceedings{Cai:2019:EEE:3301275.3302289,
 author = {Cai, Carrie J. and Jongejan, Jonas and Holbrook, Jess},
 title = {The Effects of Example-based Explanations in a Machine Learning Interface},
 booktitle = {Proceedings of the 24th International Conference on Intelligent User Interfaces},
 series = {IUI '19},
 year = {2019},
 isbn = {978-1-4503-6272-6},
 location = {Marina del Ray, California},
 pages = {258--262},
 numpages = {5},
 url = {http://doi.acm.org/10.1145/3301275.3302289},
 doi = {10.1145/3301275.3302289},
 acmid = {3302289},
 publisher = {ACM},
 address = {New York, NY, USA},
 keywords = {example-based explanations, explainable AI, human-AI interaction, machine learning},
}

@inproceedings{Nobrega:2019:TER:3297280.3297443,
 author = {N\'{o}brega, Caio and Marinho, Leandro},
 title = {Towards Explaining Recommendations Through Local Surrogate Models},
 booktitle = {Proceedings of the 34th ACM/SIGAPP Symposium on Applied Computing},
 series = {SAC '19},
 year = {2019},
 isbn = {978-1-4503-5933-7},
 location = {Limassol, Cyprus},
 pages = {1671--1678},
 numpages = {8},
 url = {http://doi.acm.org/10.1145/3297280.3297443},
 doi = {10.1145/3297280.3297443},
 acmid = {3297443},
 publisher = {ACM},
 address = {New York, NY, USA},
 keywords = {explanations, factorization machines, recommender systems, transparency},
}

@inproceedings{Madumal:2018:IDE:3292147.3293450,
 author = {Madumal, Prashan and Singh, Ronal and Newn, Joshua and Vetere, Frank},
 title = {Interaction Design for Explainable AI: Workshop Proposal},
 booktitle = {Proceedings of the 30th Australian Conference on Computer-Human Interaction},
 series = {OzCHI '18},
 year = {2018},
 isbn = {978-1-4503-6188-0},
 location = {Melbourne, Australia},
 pages = {607--608},
 numpages = {2},
 url = {http://doi.acm.org/10.1145/3292147.3293450},
 doi = {10.1145/3292147.3293450},
 acmid = {3293450},
 publisher = {ACM},
 address = {New York, NY, USA},
 keywords = {explainable AI, explainable interfaces},
}

@inproceedings{Wannous:2013:EAO:2568493.2569296,
 author = {Wannous, Rouaa and Trojahn, C\'{a}ssia},
 title = {Explaining Argumentation over Alignment Agreements},
 booktitle = {Proceedings of the 2013 IEEE/WIC/ACM International Joint Conferences on Web Intelligence (WI) and Intelligent Agent Technologies (IAT) - Volume 02},
 series = {WI-IAT '13},
 year = {2013},
 isbn = {978-0-7695-5145-6},
 pages = {80--85},
 numpages = {6},
 url = {https://doi.org/10.1109/WI-IAT.2013.94},
 doi = {10.1109/WI-IAT.2013.94},
 acmid = {2569296},
 publisher = {IEEE Computer Society},
 address = {Washington, DC, USA},
 keywords = {argumentation, ontology matching, explanation},
}

@inproceedings{Paulheim:2012:EUL:2166966.2167029,
 author = {Paulheim, Heiko},
 title = {Explain-a-LOD: Using Linked Open Data for Interpreting Statistics},
 booktitle = {Proceedings of the 2012 ACM International Conference on Intelligent User Interfaces},
 series = {IUI '12},
 year = {2012},
 isbn = {978-1-4503-1048-2},
 location = {Lisbon, Portugal},
 pages = {313--314},
 numpages = {2},
 url = {http://doi.acm.org/10.1145/2166966.2167029},
 doi = {10.1145/2166966.2167029},
 acmid = {2167029},
 publisher = {ACM},
 address = {New York, NY, USA},
 keywords = {data analysis, linked open data, semantic web, statistics},
}

@inproceedings{Liu:2018:ADM:3219819.3220027,
 author = {Liu, Ninghao and Yang, Hongxia and Hu, Xia},
 title = {Adversarial Detection with Model Interpretation},
 booktitle = {Proceedings of the 24th ACM SIGKDD International Conference on Knowledge Discovery \&\#38; Data Mining},
 series = {KDD '18},
 year = {2018},
 isbn = {978-1-4503-5552-0},
 location = {London, United Kingdom},
 pages = {1803--1811},
 numpages = {9},
 url = {http://doi.acm.org/10.1145/3219819.3220027},
 doi = {10.1145/3219819.3220027},
 acmid = {3220027},
 publisher = {ACM},
 address = {New York, NY, USA},
 keywords = {adversarial detection, machine learning interpretation, spammer detection},
}

@inproceedings{Dominguez:2019:EEA:3301275.3302274,
 author = {Dominguez, Vicente and Messina, Pablo and Donoso-Guzm\'{a}n, Ivania and Parra, Denis},
 title = {The Effect of Explanations and Algorithmic Accuracy on Visual Recommender Systems of Artistic Images},
 booktitle = {Proceedings of the 24th International Conference on Intelligent User Interfaces},
 series = {IUI '19},
 year = {2019},
 isbn = {978-1-4503-6272-6},
 location = {Marina del Ray, California},
 pages = {408--416},
 numpages = {9},
 url = {http://doi.acm.org/10.1145/3301275.3302274},
 doi = {10.1145/3301275.3302274},
 acmid = {3302274},
 publisher = {ACM},
 address = {New York, NY, USA},
 keywords = {art, explainable AI, visual recommender systems},
}

@article{Miller:2019:BWU:3325198.3313107,
 author = {Miller, Tim},
 title = {"But Why?" Understanding Explainable Artificial Intelligence},
 journal = {XRDS},
 issue_date = {Spring 2019},
 volume = {25},
 number = {3},
 month = apr,
 year = {2019},
 issn = {1528-4972},
 pages = {20--25},
 numpages = {6},
 url = {http://doi.acm.org/10.1145/3313107},
 doi = {10.1145/3313107},
 acmid = {3313107},
 publisher = {ACM},
 address = {New York, NY, USA},
}

@inproceedings{Gad-Elrab:2019:EFE:3289600.3290996,
 author = {Gad-Elrab, Mohamed H. and Stepanova, Daria and Urbani, Jacopo and Weikum, Gerhard},
 title = {ExFaKT: A Framework for Explaining Facts over Knowledge Graphs and Text},
 booktitle = {Proceedings of the Twelfth ACM International Conference on Web Search and Data Mining},
 series = {WSDM '19},
 year = {2019},
 isbn = {978-1-4503-5940-5},
 location = {Melbourne VIC, Australia},
 pages = {87--95},
 numpages = {9},
 url = {http://doi.acm.org/10.1145/3289600.3290996},
 doi = {10.1145/3289600.3290996},
 acmid = {3290996},
 publisher = {ACM},
 address = {New York, NY, USA},
 keywords = {explainable evidence, fact-checking, knowledge graph, reasoning},
}

@inproceedings{Iyer:2018:TED:3278721.3278776,
 author = {Iyer, Rahul and Li, Yuezhang and Li, Huao and Lewis, Michael and Sundar, Ramitha and Sycara, Katia},
 title = {Transparency and Explanation in Deep Reinforcement Learning Neural Networks},
 booktitle = {Proceedings of the 2018 AAAI/ACM Conference on AI, Ethics, and Society},
 series = {AIES '18},
 year = {2018},
 isbn = {978-1-4503-6012-8},
 location = {New Orleans, LA, USA},
 pages = {144--150},
 numpages = {7},
 url = {http://doi.acm.org/10.1145/3278721.3278776},
 doi = {10.1145/3278721.3278776},
 acmid = {3278776},
 publisher = {ACM},
 address = {New York, NY, USA},
 keywords = {deep reinforcement learning, explainable ai, human factors, human-ai interaction, system transparency},
}

@inproceedings{Zheng:2018:DDL:3232565.3232569,
 author = {Zheng, Ying and Liu, Ziyu and You, Xinyu and Xu, Yuedong and Jiang, Junchen},
 title = {Demystifying Deep Learning in Networking},
 booktitle = {Proceedings of the 2Nd Asia-Pacific Workshop on Networking},
 series = {APNet '18},
 year = {2018},
 isbn = {978-1-4503-6395-2},
 location = {Beijing, China},
 pages = {1--7},
 numpages = {7},
 url = {http://doi.acm.org/10.1145/3232565.3232569},
 doi = {10.1145/3232565.3232569},
 acmid = {3232569},
 publisher = {ACM},
 address = {New York, NY, USA},
 keywords = {Interpretability, Neural networks, Resource allocation},
}

@inproceedings{Gunning:2019:DEA:3301275.3308446,
 author = {Gunning, David},
 title = {DARPA's Explainable Artificial Intelligence (XAI) Program},
 booktitle = {Proceedings of the 24th International Conference on Intelligent User Interfaces},
 series = {IUI '19},
 year = {2019},
 isbn = {978-1-4503-6272-6},
 location = {Marina del Ray, California},
 pages = {ii--ii},
 url = {http://doi.acm.org/10.1145/3301275.3308446},
 doi = {10.1145/3301275.3308446},
 acmid = {3308446},
 publisher = {ACM},
 address = {New York, NY, USA},
 keywords = {artificial intelligence, evaluation, explanation, machine learning},
}

@inproceedings{Bock:2018:VNN:3281505.3281605,
 author = {Bock, Marcel and Schreiber, Andreas},
 title = {Visualization of Neural Networks in Virtual Reality Using Unreal Engine},
 booktitle = {Proceedings of the 24th ACM Symposium on Virtual Reality Software and Technology},
 series = {VRST '18},
 year = {2018},
 isbn = {978-1-4503-6086-9},
 location = {Tokyo, Japan},
 pages = {132:1--132:2},
 articleno = {132},
 numpages = {2},
 url = {http://doi.acm.org/10.1145/3281505.3281605},
 doi = {10.1145/3281505.3281605},
 acmid = {3281605},
 publisher = {ACM},
 address = {New York, NY, USA},
 keywords = {deep learning, explainable ai, neural networks, visualization},
}

@inproceedings{Haddouchi:2018:AIC:3289402.3289549,
 author = {Haddouchi, Maissae and Berrado, Abdelaziz},
 title = {Assessing Interpretation Capacity in Machine Learning: A Critical Review},
 booktitle = {Proceedings of the 12th International Conference on Intelligent Systems: Theories and Applications},
 series = {SITA'18},
 year = {2018},
 isbn = {978-1-4503-6462-1},
 location = {Rabat, Morocco},
 pages = {49:1--49:6},
 articleno = {49},
 numpages = {6},
 url = {http://doi.acm.org/10.1145/3289402.3289549},
 doi = {10.1145/3289402.3289549},
 acmid = {3289549},
 publisher = {ACM},
 address = {New York, NY, USA},
 keywords = {Interpretability, ML, measures, scoring},
}

@inproceedings{Wang:2016:IPE:2937029.2937071,
 author = {Wang, Ning and Pynadath, David V. and Hill, Susan G.},
 title = {The Impact of POMDP-Generated Explanations on Trust and Performance in Human-Robot Teams},
 booktitle = {Proceedings of the 2016 International Conference on Autonomous Agents \&\#38; Multiagent Systems},
 series = {AAMAS '16},
 year = {2016},
 isbn = {978-1-4503-4239-1},
 location = {Singapore, Singapore},
 pages = {997--1005},
 numpages = {9},
 url = {http://dl.acm.org/citation.cfm?id=2937029.2937071},
 acmid = {2937071},
 publisher = {International Foundation for Autonomous Agents and Multiagent Systems},
 address = {Richland, SC},
 keywords = {explainable ai, human-robot interaction, pomdps, trust},
}

@inproceedings{Wang:2016:IPE:2936924.2937071,
 author = {Wang, Ning and Pynadath, David V. and Hill, Susan G.},
 title = {The Impact of POMDP-Generated Explanations on Trust and Performance in Human-Robot Teams},
 booktitle = {Proceedings of the 2016 International Conference on Autonomous Agents \&\#38; Multiagent Systems},
 series = {AAMAS '16},
 year = {2016},
 isbn = {978-1-4503-4239-1},
 location = {Singapore, Singapore},
 pages = {997--1005},
 numpages = {9},
 url = {http://dl.acm.org/citation.cfm?id=2936924.2937071},
 acmid = {2937071},
 publisher = {International Foundation for Autonomous Agents and Multiagent Systems},
 address = {Richland, SC},
 keywords = {explainable ai, human-robot interaction, pomdps, trust},
}

@inproceedings{Tan:2018:IAD:3278721.3278802,
 author = {Tan, Sarah},
 title = {Interpretable Approaches to Detect Bias in Black-Box Models},
 booktitle = {Proceedings of the 2018 AAAI/ACM Conference on AI, Ethics, and Society},
 series = {AIES '18},
 year = {2018},
 isbn = {978-1-4503-6012-8},
 location = {New Orleans, LA, USA},
 pages = {382--383},
 numpages = {2},
 url = {http://doi.acm.org/10.1145/3278721.3278802},
 doi = {10.1145/3278721.3278802},
 acmid = {3278802},
 publisher = {ACM},
 address = {New York, NY, USA},
 keywords = {algorithmic fairness, black-box models, interpretability, model distillation, transparency},
}

@inproceedings{Hicks:2018:MAR:3204949.3208129,
 author = {Hicks, Steven Alexander and Eskeland, Sigrun and Lux, Mathias and de Lange, Thomas and Randel, Kristin Ranheim and Jeppsson, Mattis and Pogorelov, Konstantin and Halvorsen, P{\aa}l and Riegler, Michael},
 title = {Mimir: An Automatic Reporting and Reasoning System for Deep Learning Based Analysis in the Medical Domain},
 booktitle = {Proceedings of the 9th ACM Multimedia Systems Conference},
 series = {MMSys '18},
 year = {2018},
 isbn = {978-1-4503-5192-8},
 location = {Amsterdam, Netherlands},
 pages = {369--374},
 numpages = {6},
 url = {http://doi.acm.org/10.1145/3204949.3208129},
 doi = {10.1145/3204949.3208129},
 acmid = {3208129},
 publisher = {ACM},
 address = {New York, NY, USA},
 keywords = {automatic disease detection, deep learning, interpretable neural networks, medical documentation},
}

@inproceedings{Fogg:2003:PTE:765891.765951,
 author = {Fogg, B. J.},
 title = {Prominence-interpretation Theory: Explaining How People Assess Credibility Online},
 booktitle = {CHI '03 Extended Abstracts on Human Factors in Computing Systems},
 series = {CHI EA '03},
 year = {2003},
 isbn = {1-58113-637-4},
 location = {Ft. Lauderdale, Florida, USA},
 pages = {722--723},
 numpages = {2},
 url = {http://doi.acm.org/10.1145/765891.765951},
 doi = {10.1145/765891.765951},
 acmid = {765951},
 publisher = {ACM},
 address = {New York, NY, USA},
 keywords = {e-commerce, e-learning and education, health care, interaction design, theory, user and cognitive models, world wide web and hypermedia},
}

@inproceedings{Liu:2018:INE:3219819.3220001,
 author = {Liu, Ninghao and Huang, Xiao and Li, Jundong and Hu, Xia},
 title = {On Interpretation of Network Embedding via Taxonomy Induction},
 booktitle = {Proceedings of the 24th ACM SIGKDD International Conference on Knowledge Discovery \&\#38; Data Mining},
 series = {KDD '18},
 year = {2018},
 isbn = {978-1-4503-5552-0},
 location = {London, United Kingdom},
 pages = {1812--1820},
 numpages = {9},
 url = {http://doi.acm.org/10.1145/3219819.3220001},
 doi = {10.1145/3219819.3220001},
 acmid = {3220001},
 publisher = {ACM},
 address = {New York, NY, USA},
 keywords = {machine learning interpretation, network embedding, taxonomy},
}

@inproceedings{Kouki:2019:PEH:3301275.3302306,
 author = {Kouki, Pigi and Schaffer, James and Pujara, Jay and O'Donovan, John and Getoor, Lise},
 title = {Personalized Explanations for Hybrid Recommender Systems},
 booktitle = {Proceedings of the 24th International Conference on Intelligent User Interfaces},
 series = {IUI '19},
 year = {2019},
 isbn = {978-1-4503-6272-6},
 location = {Marina del Ray, California},
 pages = {379--390},
 numpages = {12},
 url = {http://doi.acm.org/10.1145/3301275.3302306},
 doi = {10.1145/3301275.3302306},
 acmid = {3302306},
 publisher = {ACM},
 address = {New York, NY, USA},
 keywords = {explainable artificial intelligence, explainable intelligent user interfaces, explainable recommender systems, hybrid recommender systems},
}

@inproceedings{Wang:2018:TTE:3178876.3186066,
 author = {Wang, Xiang and He, Xiangnan and Feng, Fuli and Nie, Liqiang and Chua, Tat-Seng},
 title = {TEM: Tree-enhanced Embedding Model for Explainable Recommendation},
 booktitle = {Proceedings of the 2018 World Wide Web Conference},
 series = {WWW '18},
 year = {2018},
 isbn = {978-1-4503-5639-8},
 location = {Lyon, France},
 pages = {1543--1552},
 numpages = {10},
 url = {https://doi.org/10.1145/3178876.3186066},
 doi = {10.1145/3178876.3186066},
 acmid = {3186066},
 publisher = {International World Wide Web Conferences Steering Committee},
 address = {Republic and Canton of Geneva, Switzerland},
 keywords = {embedding-based model, explainable recommendation, neural attention network, tree-based model},
}

@inproceedings{Sklar:2018:ETA:3284432.3284470,
 author = {Sklar, Elizabeth I. and Azhar, Mohammad Q.},
 title = {Explanation Through Argumentation},
 booktitle = {Proceedings of the 6th International Conference on Human-Agent Interaction},
 series = {HAI '18},
 year = {2018},
 isbn = {978-1-4503-5953-5},
 location = {Southampton, United Kingdom},
 pages = {277--285},
 numpages = {9},
 url = {http://doi.acm.org/10.1145/3284432.3284470},
 doi = {10.1145/3284432.3284470},
 acmid = {3284470},
 publisher = {ACM},
 address = {New York, NY, USA},
 keywords = {computational argumentation, explainable ai, human-robot interaction},
}

@article{Cheng:2019:MER:3306215.3291060,
 author = {Cheng, Zhiyong and Chang, Xiaojun and Zhu, Lei and Kanjirathinkal, Rose C. and Kankanhalli, Mohan},
 title = {MMALFM: Explainable Recommendation by Leveraging Reviews and Images},
 journal = {ACM Trans. Inf. Syst.},
 issue_date = {March 2019},
 volume = {37},
 number = {2},
 month = jan,
 year = {2019},
 issn = {1046-8188},
 pages = {16:1--16:28},
 articleno = {16},
 numpages = {28},
 url = {http://doi.acm.org/10.1145/3291060},
 doi = {10.1145/3291060},
 acmid = {3291060},
 publisher = {ACM},
 address = {New York, NY, USA},
 keywords = {Aspect, explainable recommendation, latent factor model, multi-modal, rating prediction},
}

@inproceedings{Card:2019:DWA:3287560.3287595,
 author = {Card, Dallas and Zhang, Michael and Smith, Noah A.},
 title = {Deep Weighted Averaging Classifiers},
 booktitle = {Proceedings of the Conference on Fairness, Accountability, and Transparency},
 series = {FAT* '19},
 year = {2019},
 isbn = {978-1-4503-6125-5},
 location = {Atlanta, GA, USA},
 pages = {369--378},
 numpages = {10},
 url = {http://doi.acm.org/10.1145/3287560.3287595},
 doi = {10.1145/3287560.3287595},
 acmid = {3287595},
 publisher = {ACM},
 address = {New York, NY, USA},
 keywords = {conformal methods, interpretability credibility},
}

@article{Siddiqui:2019:SFE:3301280.3230666,
 author = {Siddiqui, Md Amran and Fern, Alan and Dietterich, Thomas G. and Wong, Weng-Keen},
 title = {Sequential Feature Explanations for Anomaly Detection},
 journal = {ACM Trans. Knowl. Discov. Data},
 issue_date = {January 2019},
 volume = {13},
 number = {1},
 month = jan,
 year = {2019},
 issn = {1556-4681},
 pages = {1:1--1:22},
 articleno = {1},
 numpages = {22},
 url = {http://doi.acm.org/10.1145/3230666},
 doi = {10.1145/3230666},
 acmid = {3230666},
 publisher = {ACM},
 address = {New York, NY, USA},
 keywords = {Anomaly detection, anomaly explanation, anomaly interpretation, explanation evaluation},
}

@inproceedings{Du:2018:TED:3219819.3220099,
 author = {Du, Mengnan and Liu, Ninghao and Song, Qingquan and Hu, Xia},
 title = {Towards Explanation of DNN-based Prediction with Guided Feature Inversion},
 booktitle = {Proceedings of the 24th ACM SIGKDD International Conference on Knowledge Discovery \&\#38; Data Mining},
 series = {KDD '18},
 year = {2018},
 isbn = {978-1-4503-5552-0},
 location = {London, United Kingdom},
 pages = {1358--1367},
 numpages = {10},
 url = {http://doi.acm.org/10.1145/3219819.3220099},
 doi = {10.1145/3219819.3220099},
 acmid = {3220099},
 publisher = {ACM},
 address = {New York, NY, USA},
 keywords = {deep learning, guided feature inversion, intermediate layers, machine learning interpretation},
}

@inproceedings{Bharadhwaj:2019:ERS:3308557.3308699,
 author = {Bharadhwaj, Homanga},
 title = {Explainable Recommender System That Maximizes Exploration},
 booktitle = {Proceedings of the 24th International Conference on Intelligent User Interfaces: Companion},
 series = {IUI '19},
 year = {2019},
 isbn = {978-1-4503-6673-1},
 location = {Marina del Ray, California},
 pages = {1--2},
 numpages = {2},
 url = {http://doi.acm.org/10.1145/3308557.3308699},
 doi = {10.1145/3308557.3308699},
 acmid = {3308699},
 publisher = {ACM},
 address = {New York, NY, USA},
 keywords = {RNN, explainable AI, recommender systems},
}

@inproceedings{Liu:2019:RIS:3289600.3290960,
 author = {Liu, Ninghao and Du, Mengnan and Hu, Xia},
 title = {Representation Interpretation with Spatial Encoding and Multimodal Analytics},
 booktitle = {Proceedings of the Twelfth ACM International Conference on Web Search and Data Mining},
 series = {WSDM '19},
 year = {2019},
 isbn = {978-1-4503-5940-5},
 location = {Melbourne VIC, Australia},
 pages = {60--68},
 numpages = {9},
 url = {http://doi.acm.org/10.1145/3289600.3290960},
 doi = {10.1145/3289600.3290960},
 acmid = {3290960},
 publisher = {ACM},
 address = {New York, NY, USA},
 keywords = {interpretation, recommender systems, representation learning},
}

@inproceedings{Ha:2018:DEA:3183654.3183683,
 author = {Ha, Taehyun and Lee, Sangwon and Kim, Sangyeon},
 title = {Designing Explainability of an Artificial Intelligence System},
 booktitle = {Proceedings of the Technology, Mind, and Society},
 series = {TechMindSociety '18},
 year = {2018},
 isbn = {978-1-4503-5420-2},
 location = {Washington, DC, USA},
 pages = {14:1--14:1},
 articleno = {14},
 numpages = {1},
 url = {http://doi.acm.org/10.1145/3183654.3183683},
 doi = {10.1145/3183654.3183683},
 acmid = {3183683},
 publisher = {ACM},
 address = {New York, NY, USA},
 keywords = {Anthropomorphism, Attribution theory, Explainability, User perception},
}

@inproceedings{Hu:2017:IWI:3132847.3133198,
 author = {Hu, Xia and Ji, Shuiwang},
 title = {IDM 2017: Workshop on Interpretable Data Mining -- Bridging the Gap Between Shallow and Deep Models},
 booktitle = {Proceedings of the 2017 ACM on Conference on Information and Knowledge Management},
 series = {CIKM '17},
 year = {2017},
 isbn = {978-1-4503-4918-5},
 location = {Singapore, Singapore},
 pages = {2565--2566},
 numpages = {2},
 url = {http://doi.acm.org/10.1145/3132847.3133198},
 doi = {10.1145/3132847.3133198},
 acmid = {3133198},
 publisher = {ACM},
 address = {New York, NY, USA},
 keywords = {data mining, deep models, interpretability, machine learning, shallow models},
}

@inproceedings{Wang:2019:DTU:3290605.3300831,
 author = {Wang, Danding and Yang, Qian and Abdul, Ashraf and Lim, Brian Y.},
 title = {Designing Theory-Driven User-Centric Explainable AI},
 booktitle = {Proceedings of the 2019 CHI Conference on Human Factors in Computing Systems},
 series = {CHI '19},
 year = {2019},
 isbn = {978-1-4503-5970-2},
 location = {Glasgow, Scotland Uk},
 pages = {601:1--601:15},
 articleno = {601},
 numpages = {15},
 url = {http://doi.acm.org/10.1145/3290605.3300831},
 doi = {10.1145/3290605.3300831},
 acmid = {3300831},
 publisher = {ACM},
 address = {New York, NY, USA},
 keywords = {clinical decision making, decision making, explainable artificial intelligence, explanations, intelligibility},
}

@inproceedings{Zhang:2018:SWE:3209978.3210193,
 author = {Zhang, Yongfeng and Zhang, Yi and Zhang, Min},
 title = {SIGIR 2018 Workshop on ExplainAble Recommendation and Search (EARS 2018)},
 booktitle = {The 41st International ACM SIGIR Conference on Research \&\#38; Development in Information Retrieval},
 series = {SIGIR '18},
 year = {2018},
 isbn = {978-1-4503-5657-2},
 location = {Ann Arbor, MI, USA},
 pages = {1411--1413},
 numpages = {3},
 url = {http://doi.acm.org/10.1145/3209978.3210193},
 doi = {10.1145/3209978.3210193},
 acmid = {3210193},
 publisher = {ACM},
 address = {New York, NY, USA},
 keywords = {explainable recommendation, explainable search, information retrieval, recommendation systems},
}

@inproceedings{Wu:2017:ICD:3107411.3107447,
 author = {Wu, Hang and Wang, May D.},
 title = {Infer Cause of Death for Population Health Using Convolutional Neural Network},
 booktitle = {Proceedings of the 8th ACM International Conference on Bioinformatics, Computational Biology,and Health Informatics},
 series = {ACM-BCB '17},
 year = {2017},
 isbn = {978-1-4503-4722-8},
 location = {Boston, Massachusetts, USA},
 pages = {526--535},
 numpages = {10},
 url = {http://doi.acm.org/10.1145/3107411.3107447},
 doi = {10.1145/3107411.3107447},
 acmid = {3107447},
 publisher = {ACM},
 address = {New York, NY, USA},
 keywords = {causal inference, deep learning, interpretability},
}

@inproceedings{Dodge:2019:EME:3301275.3302310,
 author = {Dodge, Jonathan and Liao, Q. Vera and Zhang, Yunfeng and Bellamy, Rachel K. E. and Dugan, Casey},
 title = {Explaining Models: An Empirical Study of How Explanations Impact Fairness Judgment},
 booktitle = {Proceedings of the 24th International Conference on Intelligent User Interfaces},
 series = {IUI '19},
 year = {2019},
 isbn = {978-1-4503-6272-6},
 location = {Marina del Ray, California},
 pages = {275--285},
 numpages = {11},
 url = {http://doi.acm.org/10.1145/3301275.3302310},
 doi = {10.1145/3301275.3302310},
 acmid = {3302310},
 publisher = {ACM},
 address = {New York, NY, USA},
 keywords = {empirical studies, explanation, fairness, machine learning},
}

@inproceedings{Amir:2018:HSA:3237383.3237869,
 author = {Amir, Dan and Amir, Ofra},
 title = {HIGHLIGHTS: Summarizing Agent Behavior to People},
 booktitle = {Proceedings of the 17th International Conference on Autonomous Agents and MultiAgent Systems},
 series = {AAMAS '18},
 year = {2018},
 location = {Stockholm, Sweden},
 pages = {1168--1176},
 numpages = {9},
 url = {http://dl.acm.org/citation.cfm?id=3237383.3237869},
 acmid = {3237869},
 publisher = {International Foundation for Autonomous Agents and Multiagent Systems},
 address = {Richland, SC},
 keywords = {explainable ai, strategy summarization},
}

@inproceedings{Zhang:2018:DAP:3301551.3301588,
 author = {Zhang, Chiliang and Yang, Zhimou and Ye, Zuochang},
 title = {Detecting Adversarial Perturbations with Salieny},
 booktitle = {Proceedings of the 6th International Conference on Information Technology: IoT and Smart City},
 series = {ICIT 2018},
 year = {2018},
 isbn = {978-1-4503-6629-8},
 location = {Hong Kong, Hong Kong},
 pages = {25--30},
 numpages = {6},
 url = {http://doi.acm.org/10.1145/3301551.3301588},
 doi = {10.1145/3301551.3301588},
 acmid = {3301588},
 publisher = {ACM},
 address = {New York, NY, USA},
 keywords = {Adversarial Examples, Convolutional Neural Networks, Model Interpretation, Saliency},
}

@inproceedings{Pynadath:2018:CBR:3237383.3237923,
 author = {Pynadath, David V. and Wang, Ning and Rovira, Ericka and Barnes, Michael J.},
 title = {Clustering Behavior to Recognize Subjective Beliefs in Human-Agent Teams},
 booktitle = {Proceedings of the 17th International Conference on Autonomous Agents and MultiAgent Systems},
 series = {AAMAS '18},
 year = {2018},
 location = {Stockholm, Sweden},
 pages = {1495--1503},
 numpages = {9},
 url = {http://dl.acm.org/citation.cfm?id=3237383.3237923},
 acmid = {3237923},
 publisher = {International Foundation for Autonomous Agents and Multiagent Systems},
 address = {Richland, SC},
 keywords = {affect recognition, explainable ai, human-agent teams, trust},
}

@inproceedings{Dalmia:2018:TIN:3184558.3191523,
 author = {Dalmia, Ayushi and J, Ganesh and Gupta, Manish},
 title = {Towards Interpretation of Node Embeddings},
 booktitle = {Companion Proceedings of the The Web Conference 2018},
 series = {WWW '18},
 year = {2018},
 isbn = {978-1-4503-5640-4},
 location = {Lyon, France},
 pages = {945--952},
 numpages = {8},
 url = {https://doi.org/10.1145/3184558.3191523},
 doi = {10.1145/3184558.3191523},
 acmid = {3191523},
 publisher = {International World Wide Web Conferences Steering Committee},
 address = {Republic and Canton of Geneva, Switzerland},
 keywords = {graph representation, model interpretability, neural networks},
}

@inproceedings{Hooker:2018:TNM:3278721.3278753,
 author = {Hooker, John N. and Kim, Tae Wan N.},
 title = {Toward Non-Intuition-Based Machine and Artificial Intelligence Ethics: A Deontological Approach Based on Modal Logic},
 booktitle = {Proceedings of the 2018 AAAI/ACM Conference on AI, Ethics, and Society},
 series = {AIES '18},
 year = {2018},
 isbn = {978-1-4503-6012-8},
 location = {New Orleans, LA, USA},
 pages = {130--136},
 numpages = {7},
 url = {http://doi.acm.org/10.1145/3278721.3278753},
 doi = {10.1145/3278721.3278753},
 acmid = {3278753},
 publisher = {ACM},
 address = {New York, NY, USA},
 keywords = {accountable ai, artificial intelligence ethics, autonomous machine ethics, deontology, explainable ai, kantian ai, machine ethics, modal logic},
}

@inproceedings{Balachandran:2009:IRC:1645953.1646227,
 author = {Balachandran, Vipin and P, Deepak and Khemani, Deepak},
 title = {Interpretable and Reconfigurable Clustering of Document Datasets by Deriving Word-based Rules},
 booktitle = {Proceedings of the 18th ACM Conference on Information and Knowledge Management},
 series = {CIKM '09},
 year = {2009},
 isbn = {978-1-60558-512-3},
 location = {Hong Kong, China},
 pages = {1773--1776},
 numpages = {4},
 url = {http://doi.acm.org/10.1145/1645953.1646227},
 doi = {10.1145/1645953.1646227},
 acmid = {1646227},
 publisher = {ACM},
 address = {New York, NY, USA},
 keywords = {interpretable clustering},
}

@inproceedings{Lim:2019:EES:3308557.3313112,
 author = {Lim, Brian and Sarkar, Advait and Smith-Renner, Alison and Stumpf, Simone},
 title = {ExSS: Explainable Smart Systems 2019},
 booktitle = {Proceedings of the 24th International Conference on Intelligent User Interfaces: Companion},
 series = {IUI '19},
 year = {2019},
 isbn = {978-1-4503-6673-1},
 location = {Marina del Ray, California},
 pages = {125--126},
 numpages = {2},
 url = {http://doi.acm.org/10.1145/3308557.3313112},
 doi = {10.1145/3308557.3313112},
 acmid = {3313112},
 publisher = {ACM},
 address = {New York, NY, USA},
 keywords = {explanations, intelligent systems, intelligibility, machine learning, transparency, visualizations},
}

@inproceedings{Zurek:2013:MTI:2514601.2514619,
 author = {Zurek, Tomasz and Araszkiewicz, Micha\l},
 title = {Modeling Teleological Interpretation},
 booktitle = {Proceedings of the Fourteenth International Conference on Artificial Intelligence and Law},
 series = {ICAIL '13},
 year = {2013},
 isbn = {978-1-4503-2080-1},
 location = {Rome, Italy},
 pages = {160--168},
 numpages = {9},
 url = {http://doi.acm.org/10.1145/2514601.2514619},
 doi = {10.1145/2514601.2514619},
 acmid = {2514619},
 publisher = {ACM},
 address = {New York, NY, USA},
 keywords = {argumentation, reasoning, teleological interpretation},
}

@inproceedings{Bellini:2018:KAE:3270323.3270327,
 author = {Bellini, Vito and Schiavone, Angelo and Di Noia, Tommaso and Ragone, Azzurra and Di Sciascio, Eugenio},
 title = {Knowledge-aware Autoencoders for Explainable Recommender Systems},
 booktitle = {Proceedings of the 3rd Workshop on Deep Learning for Recommender Systems},
 series = {DLRS 2018},
 year = {2018},
 isbn = {978-1-4503-6617-5},
 location = {Vancouver, BC, Canada},
 pages = {24--31},
 numpages = {8},
 url = {http://doi.acm.org/10.1145/3270323.3270327},
 doi = {10.1145/3270323.3270327},
 acmid = {3270327},
 publisher = {ACM},
 address = {New York, NY, USA},
 keywords = {Autoencoder Neural Networks, Deep Learning, Explainable Models, Explanation, Recommender Systems},
}

@inproceedings{Chen:2018:NAR:3178876.3186070,
 author = {Chen, Chong and Zhang, Min and Liu, Yiqun and Ma, Shaoping},
 title = {Neural Attentional Rating Regression with Review-level Explanations},
 booktitle = {Proceedings of the 2018 World Wide Web Conference},
 series = {WWW '18},
 year = {2018},
 isbn = {978-1-4503-5639-8},
 location = {Lyon, France},
 pages = {1583--1592},
 numpages = {10},
 url = {https://doi.org/10.1145/3178876.3186070},
 doi = {10.1145/3178876.3186070},
 acmid = {3186070},
 publisher = {International World Wide Web Conferences Steering Committee},
 address = {Republic and Canton of Geneva, Switzerland},
 keywords = {explainable recommendation, neural attention network, recommender systems, review usefulness},
}

@article{Wyner:2017:ESA:3122009.3153004,
 author = {Wyner, Abraham J. and Olson, Matthew and Bleich, Justin and Mease, David},
 title = {Explaining the Success of Adaboost and Random Forests As Interpolating Classifiers},
 journal = {J. Mach. Learn. Res.},
 issue_date = {January 2017},
 volume = {18},
 number = {1},
 month = jan,
 year = {2017},
 issn = {1532-4435},
 pages = {1558--1590},
 numpages = {33},
 url = {http://dl.acm.org/citation.cfm?id=3122009.3153004},
 acmid = {3153004},
 publisher = {JMLR.org},
 keywords = {adaboost, classification, overfitting, random forests, tree-ensembles},
}

@inproceedings{Feng:2019:AME:3301275.3302265,
 author = {Feng, Shi and Boyd-Graber, Jordan},
 title = {What Can AI Do for Me?: Evaluating Machine Learning Interpretations in Cooperative Play},
 booktitle = {Proceedings of the 24th International Conference on Intelligent User Interfaces},
 series = {IUI '19},
 year = {2019},
 isbn = {978-1-4503-6272-6},
 location = {Marina del Ray, California},
 pages = {229--239},
 numpages = {11},
 url = {http://doi.acm.org/10.1145/3301275.3302265},
 doi = {10.1145/3301275.3302265},
 acmid = {3302265},
 publisher = {ACM},
 address = {New York, NY, USA},
 keywords = {interpretability, natural language processing, question answering},
}

@inproceedings{Croitoru:2010:GEN:1838206.1838404,
 author = {Croitoru, Madalina and Oren, Nir and Miles, Simon and Luck, Michael},
 title = {Graphically Explaining Norms},
 booktitle = {Proceedings of the 9th International Conference on Autonomous Agents and Multiagent Systems: Volume 1 - Volume 1},
 series = {AAMAS '10},
 year = {2010},
 isbn = {978-0-9826571-1-9},
 location = {Toronto, Canada},
 pages = {1405--1406},
 numpages = {2},
 url = {http://dl.acm.org/citation.cfm?id=1838206.1838404},
 acmid = {1838404},
 publisher = {International Foundation for Autonomous Agents and Multiagent Systems},
 address = {Richland, SC},
 keywords = {conceptual graphs, norms},
}

@inproceedings{Green:2009:GTS:1639714.1639768,
 author = {Green, Stephen J. and Lamere, Paul and Alexander, Jeffrey and Maillet, Fran\c{c}ois and Kirk, Susanna and Holt, Jessica and Bourque, Jackie and Mak, Xiao-Wen},
 title = {Generating Transparent, Steerable Recommendations from Textual Descriptions of Items},
 booktitle = {Proceedings of the Third ACM Conference on Recommender Systems},
 series = {RecSys '09},
 year = {2009},
 isbn = {978-1-60558-435-5},
 location = {New York, New York, USA},
 pages = {281--284},
 numpages = {4},
 url = {http://doi.acm.org/10.1145/1639714.1639768},
 doi = {10.1145/1639714.1639768},
 acmid = {1639768},
 publisher = {ACM},
 address = {New York, NY, USA},
 keywords = {explainable recommender, steerable recommender},
}

@inproceedings{Tamagnini:2017:IBC:3077257.3077260,
 author = {Tamagnini, Paolo and Krause, Josua and Dasgupta, Aritra and Bertini, Enrico},
 title = {Interpreting Black-Box Classifiers Using Instance-Level Visual Explanations},
 booktitle = {Proceedings of the 2Nd Workshop on Human-In-the-Loop Data Analytics},
 series = {HILDA'17},
 year = {2017},
 isbn = {978-1-4503-5029-7},
 location = {Chicago, IL, USA},
 pages = {6:1--6:6},
 articleno = {6},
 numpages = {6},
 url = {http://doi.acm.org/10.1145/3077257.3077260},
 doi = {10.1145/3077257.3077260},
 acmid = {3077260},
 publisher = {ACM},
 address = {New York, NY, USA},
 keywords = {classification, explanation, machine learning, visual analytics},
}

@inproceedings{Eiband:2019:IPE:3290607.3312787,
 author = {Eiband, Malin and Buschek, Daniel and Kremer, Alexander and Hussmann, Heinrich},
 title = {The Impact of Placebic Explanations on Trust in Intelligent Systems},
 booktitle = {Extended Abstracts of the 2019 CHI Conference on Human Factors in Computing Systems},
 series = {CHI EA '19},
 year = {2019},
 isbn = {978-1-4503-5971-9},
 location = {Glasgow, Scotland Uk},
 pages = {LBW0243:1--LBW0243:6},
 articleno = {LBW0243},
 numpages = {6},
 url = {http://doi.acm.org/10.1145/3290607.3312787},
 doi = {10.1145/3290607.3312787},
 acmid = {3312787},
 publisher = {ACM},
 address = {New York, NY, USA},
 keywords = {XAI, explainability, explanations, intelligent systems, transparency},
}

@inproceedings{Xiong:2017:ENA:3077136.3080809,
 author = {Xiong, Chenyan and Dai, Zhuyun and Callan, Jamie and Liu, Zhiyuan and Power, Russell},
 title = {End-to-End Neural Ad-hoc Ranking with Kernel Pooling},
 booktitle = {Proceedings of the 40th International ACM SIGIR Conference on Research and Development in Information Retrieval},
 series = {SIGIR '17},
 year = {2017},
 isbn = {978-1-4503-5022-8},
 location = {Shinjuku, Tokyo, Japan},
 pages = {55--64},
 numpages = {10},
 url = {http://doi.acm.org/10.1145/3077136.3080809},
 doi = {10.1145/3077136.3080809},
 acmid = {3080809},
 publisher = {ACM},
 address = {New York, NY, USA},
 keywords = {embedding, kernel pooling, neural ir, ranking, relevance model},
}

@inproceedings{Hayes:2017:IRC:2909824.3020233,
 author = {Hayes, Bradley and Shah, Julie A.},
 title = {Improving Robot Controller Transparency Through Autonomous Policy Explanation},
 booktitle = {Proceedings of the 2017 ACM/IEEE International Conference on Human-Robot Interaction},
 series = {HRI '17},
 year = {2017},
 isbn = {978-1-4503-4336-7},
 location = {Vienna, Austria},
 pages = {303--312},
 numpages = {10},
 url = {http://doi.acm.org/10.1145/2909824.3020233},
 doi = {10.1145/2909824.3020233},
 acmid = {3020233},
 publisher = {ACM},
 address = {New York, NY, USA},
 keywords = {human-robot collaboration, human-robot interaction, human-robot teaming, interpretable machine learning},
}

@inproceedings{St.Amant:2003:BEI:604045.604074,
 author = {St. Amant, Robert and Dinardo, Michael D. and Buckner, Nickie},
 title = {Balancing Efficiency and Interpretability in an Interactive Statistical Assistant},
 booktitle = {Proceedings of the 8th International Conference on Intelligent User Interfaces},
 series = {IUI '03},
 year = {2003},
 isbn = {1-58113-586-6},
 location = {Miami, Florida, USA},
 pages = {181--188},
 numpages = {8},
 url = {http://doi.acm.org/10.1145/604045.604074},
 doi = {10.1145/604045.604074},
 acmid = {604074},
 publisher = {ACM},
 address = {New York, NY, USA},
 keywords = {data mountain, efficiency, interpretability, navigation, user interface design},
}

@inproceedings{Beaton:2018:CAH:3173386.3173391,
 author = {Beaton, Brian},
 title = {Crucial Answers About Humanoid Capital},
 booktitle = {Companion of the 2018 ACM/IEEE International Conference on Human-Robot Interaction},
 series = {HRI '18},
 year = {2018},
 isbn = {978-1-4503-5615-2},
 location = {Chicago, IL, USA},
 pages = {5--12},
 numpages = {8},
 url = {http://doi.acm.org/10.1145/3173386.3173391},
 doi = {10.1145/3173386.3173391},
 acmid = {3173391},
 publisher = {ACM},
 address = {New York, NY, USA},
 keywords = {capital, explainable artificial intelligence, humanoid robots, xai},
}

@article{Sidner:1981:FIP:972911.972912,
 author = {Sidner, Candace L.},
 title = {Focusing for Interpretation of Pronouns},
 journal = {Comput. Linguist.},
 issue_date = {October-December 1981},
 volume = {7},
 number = {4},
 month = oct,
 year = {1981},
 issn = {0891-2017},
 pages = {217--231},
 numpages = {15},
 url = {http://dl.acm.org/citation.cfm?id=972911.972912},
 acmid = {972912},
 publisher = {MIT Press},
 address = {Cambridge, MA, USA},
}

@inproceedings{Simmons:2009:LLA:1480945.1480949,
 author = {Simmons, Robert J. and Pfenning, Frank},
 title = {Linear Logical Approximations},
 booktitle = {Proceedings of the 2009 ACM SIGPLAN Workshop on Partial Evaluation and Program Manipulation},
 series = {PEPM '09},
 year = {2009},
 isbn = {978-1-60558-327-3},
 location = {Savannah, GA, USA},
 pages = {9--20},
 numpages = {12},
 url = {http://doi.acm.org/10.1145/1480945.1480949},
 doi = {10.1145/1480945.1480949},
 acmid = {1480949},
 publisher = {ACM},
 address = {New York, NY, USA},
 keywords = {abstract interpretation, bottom-up linear logic programming, operational semantics},
}

@inproceedings{Kasneci:2016:LLW:2983323.2983746,
 author = {Kasneci, Gjergji and Gottron, Thomas},
 title = {LICON: A Linear Weighting Scheme for the Contribution ofInput Variables in Deep Artificial Neural Networks},
 booktitle = {Proceedings of the 25th ACM International on Conference on Information and Knowledge Management},
 series = {CIKM '16},
 year = {2016},
 isbn = {978-1-4503-4073-1},
 location = {Indianapolis, Indiana, USA},
 pages = {45--54},
 numpages = {10},
 url = {http://doi.acm.org/10.1145/2983323.2983746},
 doi = {10.1145/2983323.2983746},
 acmid = {2983746},
 publisher = {ACM},
 address = {New York, NY, USA},
 keywords = {artificial neural networks, contribution, explanation, input variables, linear weighting scheme},
}

@inproceedings{Tsai:2018:ESR:3180308.3180368,
 author = {Tsai, Chun-Hua and Brusilovsky, Peter},
 title = {Explaining Social Recommendations to Casual Users: Design Principles and Opportunities},
 booktitle = {Proceedings of the 23rd International Conference on Intelligent User Interfaces Companion},
 series = {IUI '18 Companion},
 year = {2018},
 isbn = {978-1-4503-5571-1},
 location = {Tokyo, Japan},
 pages = {59:1--59:2},
 articleno = {59},
 numpages = {2},
 url = {http://doi.acm.org/10.1145/3180308.3180368},
 doi = {10.1145/3180308.3180368},
 acmid = {3180368},
 publisher = {ACM},
 address = {New York, NY, USA},
 keywords = {Explainable Intelligent User Interface, Social Recommender},
}

@inproceedings{Wang:2016:TCW:2906831.2906852,
 author = {Wang, Ning and Pynadath, David V. and Hill, Susan G.},
 title = {Trust Calibration Within a Human-Robot Team: Comparing Automatically Generated Explanations},
 booktitle = {The Eleventh ACM/IEEE International Conference on Human Robot Interaction},
 series = {HRI '16},
 year = {2016},
 isbn = {978-1-4673-8370-7},
 location = {Christchurch, New Zealand},
 pages = {109--116},
 numpages = {8},
 url = {http://dl.acm.org/citation.cfm?id=2906831.2906852},
 acmid = {2906852},
 publisher = {IEEE Press},
 address = {Piscataway, NJ, USA},
 keywords = {explainable a.i., human-robot interaction, pomdp, trust},
}

@inproceedings{Winnemoller:2004:CTS:1628275.1628278,
 author = {Winnem\"{o}ller, Ronald},
 title = {Constructing Text Sense Representations},
 booktitle = {Proceedings of the 2Nd Workshop on Text Meaning and Interpretation},
 series = {TextMean '04},
 year = {2004},
 location = {Barcelona, Spain},
 pages = {17--24},
 numpages = {8},
 url = {http://dl.acm.org/citation.cfm?id=1628275.1628278},
 acmid = {1628278},
 publisher = {Association for Computational Linguistics},
 address = {Stroudsburg, PA, USA},
}

@inproceedings{Dodge:2018:EAE:3173574.3174136,
 author = {Dodge, Jonathan and Penney, Sean and Hilderbrand, Claudia and Anderson, Andrew and Burnett, Margaret},
 title = {How the Experts Do It: Assessing and Explaining Agent Behaviors in Real-Time Strategy Games},
 booktitle = {Proceedings of the 2018 CHI Conference on Human Factors in Computing Systems},
 series = {CHI '18},
 year = {2018},
 isbn = {978-1-4503-5620-6},
 location = {Montreal QC, Canada},
 pages = {562:1--562:12},
 articleno = {562},
 numpages = {12},
 url = {http://doi.acm.org/10.1145/3173574.3174136},
 doi = {10.1145/3173574.3174136},
 acmid = {3174136},
 publisher = {ACM},
 address = {New York, NY, USA},
 keywords = {explainable ai, information foraging, intelligent agents, rts games, starcraft},
}

@inproceedings{Chelmis:2017:AAS:3091478.3091518,
 author = {Chelmis, Charalampos and Dani, Reshul},
 title = {ASSIST: Automatic Summarization of Significant Structural Changes in Large Temporal Graphs},
 booktitle = {Proceedings of the 2017 ACM on Web Science Conference},
 series = {WebSci '17},
 year = {2017},
 isbn = {978-1-4503-4896-6},
 location = {Troy, New York, USA},
 pages = {201--205},
 numpages = {5},
 url = {http://doi.acm.org/10.1145/3091478.3091518},
 doi = {10.1145/3091478.3091518},
 acmid = {3091518},
 publisher = {ACM},
 address = {New York, NY, USA},
 keywords = {anomaly summarization, change attribution, dynamic graph, structural change interpretation},
}

@inproceedings{Brun:2014:LFI:2682648.2682851,
 author = {Brun, Armelle and Aleksandrova, Marharyta and Boyer, Anne},
 title = {Can Latent Features Be Interpreted As Users in Matrix Factorization-Based Recommender Systems?},
 booktitle = {Proceedings of the 2014 IEEE/WIC/ACM International Joint Conferences on Web Intelligence (WI) and Intelligent Agent Technologies (IAT) - Volume 02},
 series = {WI-IAT '14},
 year = {2014},
 isbn = {978-1-4799-4143-8},
 pages = {226--233},
 numpages = {8},
 url = {http://dx.doi.org/10.1109/WI-IAT.2014.102},
 doi = {10.1109/WI-IAT.2014.102},
 acmid = {2682851},
 publisher = {IEEE Computer Society},
 address = {Washington, DC, USA},
 keywords = {Recommender systems, Matrix factorization, Feature interpretation, Cold-start problem},
}

@inproceedings{Hicks:2018:CRA:3204949.3208113,
 author = {Hicks, Steven Alexander and Pogorelov, Konstantin and de Lange, Thomas and Lux, Mathias and Jeppsson, Mattis and Randel, Kristin Ranheim and Eskeland, Sigrun and Halvorsen, P{\aa}l and Riegler, Michael},
 title = {Comprehensible Reasoning and Automated Reporting of Medical Examinations Based on Deep Learning Analysis},
 booktitle = {Proceedings of the 9th ACM Multimedia Systems Conference},
 series = {MMSys '18},
 year = {2018},
 isbn = {978-1-4503-5192-8},
 location = {Amsterdam, Netherlands},
 pages = {490--493},
 numpages = {4},
 url = {http://doi.acm.org/10.1145/3204949.3208113},
 doi = {10.1145/3204949.3208113},
 acmid = {3208113},
 publisher = {ACM},
 address = {New York, NY, USA},
 keywords = {automatic disease detection, deep learning, interpretable neural networks, medical documentation},
}

@inproceedings{Weisz:2019:BTS:3301275.3302290,
 author = {Weisz, Justin D. and Jain, Mohit and Joshi, Narendra Nath and Johnson, James and Lange, Ingrid},
 title = {BigBlueBot: Teaching Strategies for Successful Human-agent Interactions},
 booktitle = {Proceedings of the 24th International Conference on Intelligent User Interfaces},
 series = {IUI '19},
 year = {2019},
 isbn = {978-1-4503-6272-6},
 location = {Marina del Ray, California},
 pages = {448--459},
 numpages = {12},
 url = {http://doi.acm.org/10.1145/3301275.3302290},
 doi = {10.1145/3301275.3302290},
 acmid = {3302290},
 publisher = {ACM},
 address = {New York, NY, USA},
 keywords = {conversational agents, explainable AI, mechanical turk},
}

@article{Ness:1970:CEG:362007.362042,
 author = {Ness, D. N. and Green, R. S. and Martin, W. A.},
 title = {Computer Education in a Graduate School of Management},
 journal = {Commun. ACM},
 issue_date = {Feb 1970},
 volume = {13},
 number = {2},
 month = feb,
 year = {1970},
 issn = {0001-0782},
 pages = {110--114},
 numpages = {5},
 url = {http://doi.acm.org/10.1145/362007.362042},
 doi = {10.1145/362007.362042},
 acmid = {362042},
 publisher = {ACM},
 address = {New York, NY, USA},
 keywords = {education, interpreters, machine language, management information systems, simulation},
}

@inproceedings{Chen:2014:FFD:2623330.2623627,
 author = {Chen, Wenlin and Chen, Yixin and Weinberger, Kilian Q.},
 title = {Fast Flux Discriminant for Large-scale Sparse Nonlinear Classification},
 booktitle = {Proceedings of the 20th ACM SIGKDD International Conference on Knowledge Discovery and Data Mining},
 series = {KDD '14},
 year = {2014},
 isbn = {978-1-4503-2956-9},
 location = {New York, New York, USA},
 pages = {621--630},
 numpages = {10},
 url = {http://doi.acm.org/10.1145/2623330.2623627},
 doi = {10.1145/2623330.2623627},
 acmid = {2623627},
 publisher = {ACM},
 address = {New York, NY, USA},
 keywords = {classification, interpretability, sparsity, submodularity},
}

@inproceedings{Millecamp:2019:EEE:3301275.3302313,
 author = {Millecamp, Martijn and Htun, Nyi Nyi and Conati, Cristina and Verbert, Katrien},
 title = {To Explain or Not to Explain: The Effects of Personal Characteristics when Explaining Music Recommendations},
 booktitle = {Proceedings of the 24th International Conference on Intelligent User Interfaces},
 series = {IUI '19},
 year = {2019},
 isbn = {978-1-4503-6272-6},
 location = {Marina del Ray, California},
 pages = {397--407},
 numpages = {11},
 url = {http://doi.acm.org/10.1145/3301275.3302313},
 doi = {10.1145/3301275.3302313},
 acmid = {3302313},
 publisher = {ACM},
 address = {New York, NY, USA},
 keywords = {explanations, music, need for cognition, personal characteristics, recommender system, spotify, user characteristics},
}

@inproceedings{Holcomb:2018:ODA:3206157.3206174,
 author = {Holcomb, Sean D. and Porter, William K. and Ault, Shaun V. and Mao, Guifen and Wang, Jin},
 title = {Overview on DeepMind and Its AlphaGo Zero AI},
 booktitle = {Proceedings of the 2018 International Conference on Big Data and Education},
 series = {ICBDE '18},
 year = {2018},
 isbn = {978-1-4503-6358-7},
 location = {Honolulu, HI, USA},
 pages = {67--71},
 numpages = {5},
 url = {http://doi.acm.org/10.1145/3206157.3206174},
 doi = {10.1145/3206157.3206174},
 acmid = {3206174},
 publisher = {ACM},
 address = {New York, NY, USA},
 keywords = {AI, AlphaGo Zero, Deep Learning, Deep Mind, Neural Networks, Reinforcement Learning},
}

@article{Sanderson:1991:HSL:116890.116911,
 author = {Sanderson, D. P. and Sharma, R. and Rozin, R. and Treu, S.},
 title = {The Hierarchical Simulation Language HSL: A Versatile Tool for Process-oriented Simulation},
 journal = {ACM Trans. Model. Comput. Simul.},
 issue_date = {April 1991},
 volume = {1},
 number = {2},
 month = apr,
 year = {1991},
 issn = {1049-3301},
 pages = {113--153},
 numpages = {41},
 url = {http://doi.acm.org/10.1145/116890.116911},
 doi = {10.1145/116890.116911},
 acmid = {116911},
 publisher = {ACM},
 address = {New York, NY, USA},
 keywords = {C++, HSL, hierarchy, inheritance, interpreter, modularity, process, simulation programming language},
}

@inproceedings{Wang:2018:LCM:3219819.3220070,
 author = {Wang, Jiaxuan and Oh, Jeeheh and Wang, Haozhu and Wiens, Jenna},
 title = {Learning Credible Models},
 booktitle = {Proceedings of the 24th ACM SIGKDD International Conference on Knowledge Discovery \&\#38; Data Mining},
 series = {KDD '18},
 year = {2018},
 isbn = {978-1-4503-5552-0},
 location = {London, United Kingdom},
 pages = {2417--2426},
 numpages = {10},
 url = {http://doi.acm.org/10.1145/3219819.3220070},
 doi = {10.1145/3219819.3220070},
 acmid = {3220070},
 publisher = {ACM},
 address = {New York, NY, USA},
 keywords = {model interpretability, regularization},
}

@inproceedings{VanHorn:2010:AAM:1863543.1863553,
 author = {Van Horn, David and Might, Matthew},
 title = {Abstracting Abstract Machines},
 booktitle = {Proceedings of the 15th ACM SIGPLAN International Conference on Functional Programming},
 series = {ICFP '10},
 year = {2010},
 isbn = {978-1-60558-794-3},
 location = {Baltimore, Maryland, USA},
 pages = {51--62},
 numpages = {12},
 url = {http://doi.acm.org/10.1145/1863543.1863553},
 doi = {10.1145/1863543.1863553},
 acmid = {1863553},
 publisher = {ACM},
 address = {New York, NY, USA},
 keywords = {abstract interpretation, abstract machines},
}

@inproceedings{Barria-Pineda:2019:EER:3308557.3308690,
 author = {Barria-Pineda, Jordan and Brusilovsky, Peter},
 title = {Explaining Educational Recommendations Through a Concept-level Knowledge Visualization},
 booktitle = {Proceedings of the 24th International Conference on Intelligent User Interfaces: Companion},
 series = {IUI '19},
 year = {2019},
 isbn = {978-1-4503-6673-1},
 location = {Marina del Ray, California},
 pages = {103--104},
 numpages = {2},
 url = {http://doi.acm.org/10.1145/3308557.3308690},
 doi = {10.1145/3308557.3308690},
 acmid = {3308690},
 publisher = {ACM},
 address = {New York, NY, USA},
 keywords = {educational recommendations, explainability, open learner models},
}

@inproceedings{Feng:2018:IPE:3206025.3206048,
 author = {Feng, Zunlei and Yu, Zhenyun and Yang, Yezhou and Jing, Yongcheng and Jiang, Junxiao and Song, Mingli},
 title = {Interpretable Partitioned Embedding for Customized Multi-item Fashion Outfit Composition},
 booktitle = {Proceedings of the 2018 ACM on International Conference on Multimedia Retrieval},
 series = {ICMR '18},
 year = {2018},
 isbn = {978-1-4503-5046-4},
 location = {Yokohama, Japan},
 pages = {143--151},
 numpages = {9},
 url = {http://doi.acm.org/10.1145/3206025.3206048},
 doi = {10.1145/3206025.3206048},
 acmid = {3206048},
 publisher = {ACM},
 address = {New York, NY, USA},
 keywords = {adversarial, embedding, interpretable, outfit composition},
}