@article{27thAnnualComputational2018,
 doi = {10.1186/s12868-018-0452-x},
 file = {/home/tim/Zotero/storage/W6XXQSHX/2018 - 27th Annual Computational Neuroscience Meeting (CN.pdf},
 issn = {1471-2202},
 journal = {BMC Neuroscience},
 language = {en},
 month = {October},
 number = {2},
 pages = {64},
 shorttitle = {27th {{Annual Computational Neuroscience Meeting}} ({{CNS}}*2018)},
 title = {27th {{Annual Computational Neuroscience Meeting}} ({{CNS}}*2018): {{Part One}}},
 volume = {19},
 year = {2018}
}

@inproceedings{Amir:2018:HSA:3237383.3237869,
 acmid = {3237869},
 author = {Amir, Dan and Amir, Ofra},
 booktitle = {Proceedings of the 17th {{International Conference}} on {{Autonomous Agents}} and {{MultiAgent Systems}}},
 keywords = {explainable ai,strategy summarization},
 numpages = {9},
 pages = {1168-1176},
 publisher = {{International Foundation for Autonomous Agents and Multiagent Systems}},
 series = {{{AAMAS}} '18},
 title = {{{HIGHLIGHTS}}: {{Summarizing Agent Behavior}} to {{People}}},
 year = {2018}
}

@inproceedings{Balachandran:2009:IRC:1645953.1646227,
 acmid = {1646227},
 author = {Balachandran, Vipin and P, Deepak and Khemani, Deepak},
 booktitle = {Proceedings of the 18th {{ACM Conference}} on {{Information}} and {{Knowledge Management}}},
 doi = {10.1145/1645953.1646227},
 isbn = {978-1-60558-512-3},
 keywords = {interpretable clustering},
 numpages = {4},
 pages = {1773-1776},
 publisher = {{ACM}},
 series = {{{CIKM}} '09},
 title = {Interpretable and {{Reconfigurable Clustering}} of {{Document Datasets}} by {{Deriving Word}}-Based {{Rules}}},
 year = {2009}
}

@inproceedings{Barria-Pineda:2019:EER:3308557.3308690,
 acmid = {3308690},
 author = {{Barria-Pineda}, Jordan and Brusilovsky, Peter},
 booktitle = {Proceedings of the 24th {{International Conference}} on {{Intelligent User Interfaces}}: {{Companion}}},
 doi = {10.1145/3308557.3308690},
 isbn = {978-1-4503-6673-1},
 keywords = {educational recommendations,explainability,open learner models},
 numpages = {2},
 pages = {103-104},
 publisher = {{ACM}},
 series = {{{IUI}} '19},
 title = {Explaining {{Educational Recommendations Through}} a {{Concept}}-Level {{Knowledge Visualization}}},
 year = {2019}
}

@inproceedings{Beaton:2018:CAH:3173386.3173391,
 acmid = {3173391},
 author = {Beaton, Brian},
 booktitle = {Companion of the 2018 {{ACM}}/{{IEEE International Conference}} on {{Human}}-{{Robot Interaction}}},
 doi = {10.1145/3173386.3173391},
 isbn = {978-1-4503-5615-2},
 keywords = {capital,explainable artificial intelligence,humanoid robots,xai},
 numpages = {8},
 pages = {5-12},
 publisher = {{ACM}},
 series = {{{HRI}} '18},
 title = {Crucial {{Answers About Humanoid Capital}}},
 year = {2018}
}

@inproceedings{Bellini:2018:KAE:3270323.3270327,
 acmid = {3270327},
 author = {Bellini, Vito and Schiavone, Angelo and Di Noia, Tommaso and Ragone, Azzurra and Di Sciascio, Eugenio},
 booktitle = {Proceedings of the 3rd {{Workshop}} on {{Deep Learning}} for {{Recommender Systems}}},
 doi = {10.1145/3270323.3270327},
 isbn = {978-1-4503-6617-5},
 keywords = {Autoencoder Neural Networks,Deep Learning,Explainable Models,Explanation,Recommender Systems},
 numpages = {8},
 pages = {24-31},
 publisher = {{ACM}},
 series = {{{DLRS}} 2018},
 title = {Knowledge-Aware {{Autoencoders}} for {{Explainable Recommender Systems}}},
 year = {2018}
}

@incollection{ben-menahemDemiseDogmaticUniverse2009,
 address = {Berlin, Heidelberg},
 author = {{Ben-Menahem}, Ari},
 booktitle = {Historical {{Encyclopedia}} of {{Natural}} and {{Mathematical Sciences}}},
 doi = {10.1007/978-3-540-68832-7_8},
 editor = {{Ben-Menahem}, Ari},
 isbn = {978-3-540-68832-7},
 language = {en},
 pages = {2801-5079},
 publisher = {{Springer Berlin Heidelberg}},
 title = {Demise of the {{Dogmatic Universe}}},
 year = {2009}
}

@inproceedings{Bharadhwaj:2019:ERS:3308557.3308699,
 acmid = {3308699},
 author = {Bharadhwaj, Homanga},
 booktitle = {Proceedings of the 24th {{International Conference}} on {{Intelligent User Interfaces}}: {{Companion}}},
 doi = {10.1145/3308557.3308699},
 isbn = {978-1-4503-6673-1},
 keywords = {explainable AI,recommender systems,RNN},
 numpages = {2},
 pages = {1-2},
 publisher = {{ACM}},
 series = {{{IUI}} '19},
 title = {Explainable {{Recommender System That Maximizes Exploration}}},
 year = {2019}
}

@inproceedings{Bock:2018:VNN:3281505.3281605,
 acmid = {3281605},
 articleno = {132},
 author = {Bock, Marcel and Schreiber, Andreas},
 booktitle = {Proceedings of the 24th {{ACM Symposium}} on {{Virtual Reality Software}} and {{Technology}}},
 doi = {10.1145/3281505.3281605},
 isbn = {978-1-4503-6086-9},
 keywords = {deep learning,explainable ai,neural networks,visualization},
 numpages = {2},
 pages = {132:1-132:2},
 publisher = {{ACM}},
 series = {{{VRST}} '18},
 title = {Visualization of {{Neural Networks}} in {{Virtual Reality Using Unreal Engine}}},
 year = {2018}
}

@inproceedings{Brun:2014:LFI:2682648.2682851,
 acmid = {2682851},
 author = {Brun, Armelle and Aleksandrova, Marharyta and Boyer, Anne},
 booktitle = {Proceedings of the 2014 {{IEEE}}/{{WIC}}/{{ACM International Joint Conferences}} on {{Web Intelligence}} ({{WI}}) and {{Intelligent Agent Technologies}} ({{IAT}}) - {{Volume}} 02},
 doi = {10.1109/WI-IAT.2014.102},
 isbn = {978-1-4799-4143-8},
 keywords = {Cold-start problem,Feature interpretation,Matrix factorization,Recommender systems},
 numpages = {8},
 pages = {226-233},
 publisher = {{IEEE Computer Society}},
 series = {{{WI}}-{{IAT}} '14},
 title = {Can {{Latent Features Be Interpreted As Users}} in {{Matrix Factorization}}-{{Based Recommender Systems}}?},
 year = {2014}
}

@inproceedings{Cai:2019:EEE:3301275.3302289,
 acmid = {3302289},
 author = {Cai, Carrie J. and Jongejan, Jonas and Holbrook, Jess},
 booktitle = {Proceedings of the 24th {{International Conference}} on {{Intelligent User Interfaces}}},
 doi = {10.1145/3301275.3302289},
 isbn = {978-1-4503-6272-6},
 keywords = {example-based explanations,explainable AI,human-AI interaction,machine learning},
 numpages = {5},
 pages = {258-262},
 publisher = {{ACM}},
 series = {{{IUI}} '19},
 title = {The {{Effects}} of {{Example}}-Based {{Explanations}} in a {{Machine Learning Interface}}},
 year = {2019}
}

@inproceedings{Card:2019:DWA:3287560.3287595,
 acmid = {3287595},
 author = {Card, Dallas and Zhang, Michael and Smith, Noah A.},
 booktitle = {Proceedings of the {{Conference}} on {{Fairness}}, {{Accountability}}, and {{Transparency}}},
 doi = {10.1145/3287560.3287595},
 isbn = {978-1-4503-6125-5},
 keywords = {conformal methods,interpretability credibility},
 numpages = {10},
 pages = {369-378},
 publisher = {{ACM}},
 series = {{{FAT}}* '19},
 title = {Deep {{Weighted Averaging Classifiers}}},
 year = {2019}
}

@inproceedings{Chelmis:2017:AAS:3091478.3091518,
 acmid = {3091518},
 author = {Chelmis, Charalampos and Dani, Reshul},
 booktitle = {Proceedings of the 2017 {{ACM}} on {{Web Science Conference}}},
 doi = {10.1145/3091478.3091518},
 isbn = {978-1-4503-4896-6},
 keywords = {anomaly summarization,change attribution,dynamic graph,structural change interpretation},
 numpages = {5},
 pages = {201-205},
 publisher = {{ACM}},
 series = {{{WebSci}} '17},
 title = {{{ASSIST}}: {{Automatic Summarization}} of {{Significant Structural Changes}} in {{Large Temporal Graphs}}},
 year = {2017}
}

@inproceedings{Chen:2014:FFD:2623330.2623627,
 acmid = {2623627},
 author = {Chen, Wenlin and Chen, Yixin and Weinberger, Kilian Q.},
 booktitle = {Proceedings of the 20th {{ACM SIGKDD International Conference}} on {{Knowledge Discovery}} and {{Data Mining}}},
 doi = {10.1145/2623330.2623627},
 isbn = {978-1-4503-2956-9},
 keywords = {classification,interpretability,sparsity,submodularity},
 numpages = {10},
 pages = {621-630},
 publisher = {{ACM}},
 series = {{{KDD}} '14},
 title = {Fast {{Flux Discriminant}} for {{Large}}-Scale {{Sparse Nonlinear Classification}}},
 year = {2014}
}

@inproceedings{Chen:2018:NAR:3178876.3186070,
 acmid = {3186070},
 author = {Chen, Chong and Zhang, Min and Liu, Yiqun and Ma, Shaoping},
 booktitle = {Proceedings of the 2018 {{World Wide Web Conference}}},
 doi = {10.1145/3178876.3186070},
 isbn = {978-1-4503-5639-8},
 keywords = {explainable recommendation,neural attention network,recommender systems,review usefulness},
 numpages = {10},
 pages = {1583-1592},
 publisher = {{International World Wide Web Conferences Steering Committee}},
 series = {{{WWW}} '18},
 title = {Neural {{Attentional Rating Regression}} with {{Review}}-Level {{Explanations}}},
 year = {2018}
}

@article{Cheng:2019:MER:3306215.3291060,
 acmid = {3291060},
 articleno = {16},
 author = {Cheng, Zhiyong and Chang, Xiaojun and Zhu, Lei and Kanjirathinkal, Rose C. and Kankanhalli, Mohan},
 doi = {10.1145/3291060},
 issn = {1046-8188},
 issue_date = {March 2019},
 journal = {ACM Trans. Inf. Syst.},
 keywords = {Aspect,explainable recommendation,latent factor model,multi-modal,rating prediction},
 location = {New York, NY, USA},
 month = {January},
 number = {2},
 numpages = {28},
 pages = {16:1-16:28},
 publisher = {{ACM}},
 title = {{{MMALFM}}: {{Explainable Recommendation}} by {{Leveraging Reviews}} and {{Images}}},
 volume = {37},
 year = {2019}
}

@inproceedings{Croitoru:2010:GEN:1838206.1838404,
 acmid = {1838404},
 author = {Croitoru, Madalina and Oren, Nir and Miles, Simon and Luck, Michael},
 booktitle = {Proceedings of the 9th {{International Conference}} on {{Autonomous Agents}} and {{Multiagent Systems}}: {{Volume}} 1 - {{Volume}} 1},
 isbn = {978-0-9826571-1-9},
 keywords = {conceptual graphs,norms},
 numpages = {2},
 pages = {1405-1406},
 publisher = {{International Foundation for Autonomous Agents and Multiagent Systems}},
 series = {{{AAMAS}} '10},
 title = {Graphically {{Explaining Norms}}},
 year = {2010}
}

@inproceedings{Dalmia:2018:TIN:3184558.3191523,
 acmid = {3191523},
 author = {Dalmia, Ayushi and J, Ganesh and Gupta, Manish},
 booktitle = {Companion {{Proceedings}} of the {{The Web Conference}} 2018},
 doi = {10.1145/3184558.3191523},
 isbn = {978-1-4503-5640-4},
 keywords = {graph representation,model interpretability,neural networks},
 numpages = {8},
 pages = {945-952},
 publisher = {{International World Wide Web Conferences Steering Committee}},
 series = {{{WWW}} '18},
 title = {Towards {{Interpretation}} of {{Node Embeddings}}},
 year = {2018}
}

@inproceedings{Dodge:2018:EAE:3173574.3174136,
 acmid = {3174136},
 articleno = {562},
 author = {Dodge, Jonathan and Penney, Sean and Hilderbrand, Claudia and Anderson, Andrew and Burnett, Margaret},
 booktitle = {Proceedings of the 2018 {{CHI Conference}} on {{Human Factors}} in {{Computing Systems}}},
 doi = {10.1145/3173574.3174136},
 isbn = {978-1-4503-5620-6},
 keywords = {explainable ai,information foraging,intelligent agents,rts games,starcraft},
 numpages = {12},
 pages = {562:1-562:12},
 publisher = {{ACM}},
 series = {{{CHI}} '18},
 title = {How the {{Experts Do It}}: {{Assessing}} and {{Explaining Agent Behaviors}} in {{Real}}-{{Time Strategy Games}}},
 year = {2018}
}

@inproceedings{Dodge:2019:EME:3301275.3302310,
 acmid = {3302310},
 author = {Dodge, Jonathan and Liao, Q. Vera and Zhang, Yunfeng and Bellamy, Rachel K. E. and Dugan, Casey},
 booktitle = {Proceedings of the 24th {{International Conference}} on {{Intelligent User Interfaces}}},
 doi = {10.1145/3301275.3302310},
 isbn = {978-1-4503-6272-6},
 keywords = {empirical studies,explanation,fairness,machine learning},
 numpages = {11},
 pages = {275-285},
 publisher = {{ACM}},
 series = {{{IUI}} '19},
 title = {Explaining {{Models}}: {{An Empirical Study}} of {{How Explanations Impact Fairness Judgment}}},
 year = {2019}
}

@inproceedings{Dominguez:2019:EEA:3301275.3302274,
 acmid = {3302274},
 author = {Dominguez, Vicente and Messina, Pablo and {Donoso-Guzm\'an}, Ivania and Parra, Denis},
 booktitle = {Proceedings of the 24th {{International Conference}} on {{Intelligent User Interfaces}}},
 doi = {10.1145/3301275.3302274},
 isbn = {978-1-4503-6272-6},
 keywords = {art,explainable AI,visual recommender systems},
 numpages = {9},
 pages = {408-416},
 publisher = {{ACM}},
 series = {{{IUI}} '19},
 title = {The {{Effect}} of {{Explanations}} and {{Algorithmic Accuracy}} on {{Visual Recommender Systems}} of {{Artistic Images}}},
 year = {2019}
}

@inproceedings{Du:2018:TED:3219819.3220099,
 acmid = {3220099},
 author = {Du, Mengnan and Liu, Ninghao and Song, Qingquan and Hu, Xia},
 booktitle = {Proceedings of the 24th {{ACM SIGKDD International Conference}} on {{Knowledge Discovery}} \&\#38; {{Data Mining}}},
 doi = {10.1145/3219819.3220099},
 isbn = {978-1-4503-5552-0},
 keywords = {deep learning,guided feature inversion,intermediate layers,machine learning interpretation},
 numpages = {10},
 pages = {1358-1367},
 publisher = {{ACM}},
 series = {{{KDD}} '18},
 title = {Towards {{Explanation}} of {{DNN}}-Based {{Prediction}} with {{Guided Feature Inversion}}},
 year = {2018}
}

@article{ECR2018BOOK2018,
 doi = {10.1007/s13244-018-0603-8},
 file = {/home/tim/Zotero/storage/ZMRNQ2FK/2018 - ECR 2018 - BOOK OF ABSTRACTS.pdf},
 issn = {1869-4101},
 journal = {Insights into Imaging},
 language = {en},
 month = {April},
 number = {1},
 pages = {1-642},
 title = {{{ECR}} 2018 - {{BOOK OF ABSTRACTS}}},
 volume = {9},
 year = {2018}
}

@inproceedings{Eiband:2019:IPE:3290607.3312787,
 acmid = {3312787},
 articleno = {LBW0243},
 author = {Eiband, Malin and Buschek, Daniel and Kremer, Alexander and Hussmann, Heinrich},
 booktitle = {Extended {{Abstracts}} of the 2019 {{CHI Conference}} on {{Human Factors}} in {{Computing Systems}}},
 doi = {10.1145/3290607.3312787},
 isbn = {978-1-4503-5971-9},
 keywords = {explainability,explanations,intelligent systems,transparency,XAI},
 numpages = {6},
 pages = {LBW0243:1-LBW0243:6},
 publisher = {{ACM}},
 series = {{{CHI EA}} '19},
 title = {The {{Impact}} of {{Placebic Explanations}} on {{Trust}} in {{Intelligent Systems}}},
 year = {2019}
}

@inproceedings{Feng:2018:IPE:3206025.3206048,
 acmid = {3206048},
 author = {Feng, Zunlei and Yu, Zhenyun and Yang, Yezhou and Jing, Yongcheng and Jiang, Junxiao and Song, Mingli},
 booktitle = {Proceedings of the 2018 {{ACM}} on {{International Conference}} on {{Multimedia Retrieval}}},
 doi = {10.1145/3206025.3206048},
 isbn = {978-1-4503-5046-4},
 keywords = {adversarial,embedding,interpretable,outfit composition},
 numpages = {9},
 pages = {143-151},
 publisher = {{ACM}},
 series = {{{ICMR}} '18},
 title = {Interpretable {{Partitioned Embedding}} for {{Customized Multi}}-Item {{Fashion Outfit Composition}}},
 year = {2018}
}

@inproceedings{Fogg:2003:PTE:765891.765951,
 acmid = {765951},
 author = {Fogg, B. J.},
 booktitle = {{{CHI}} '03 {{Extended Abstracts}} on {{Human Factors}} in {{Computing Systems}}},
 doi = {10.1145/765891.765951},
 isbn = {1-58113-637-4},
 keywords = {e-commerce,e-learning and education,health care,interaction design,theory,user and cognitive models,world wide web and hypermedia},
 numpages = {2},
 pages = {722-723},
 publisher = {{ACM}},
 series = {{{CHI EA}} '03},
 title = {Prominence-Interpretation {{Theory}}: {{Explaining How People Assess Credibility Online}}},
 year = {2003}
}

@inproceedings{Gad-Elrab:2019:EFE:3289600.3290996,
 acmid = {3290996},
 author = {{Gad-Elrab}, Mohamed H. and Stepanova, Daria and Urbani, Jacopo and Weikum, Gerhard},
 booktitle = {Proceedings of the {{Twelfth ACM International Conference}} on {{Web Search}} and {{Data Mining}}},
 doi = {10.1145/3289600.3290996},
 isbn = {978-1-4503-5940-5},
 keywords = {explainable evidence,fact-checking,knowledge graph,reasoning},
 numpages = {9},
 pages = {87-95},
 publisher = {{ACM}},
 series = {{{WSDM}} '19},
 title = {{{ExFaKT}}: {{A Framework}} for {{Explaining Facts}} over {{Knowledge Graphs}} and {{Text}}},
 year = {2019}
}

@inproceedings{Ghazimatin:2019:FFU:3289600.3290990,
 acmid = {3290990},
 author = {Ghazimatin, Azin and Saha Roy, Rishiraj and Weikum, Gerhard},
 booktitle = {Proceedings of the {{Twelfth ACM International Conference}} on {{Web Search}} and {{Data Mining}}},
 doi = {10.1145/3289600.3290990},
 isbn = {978-1-4503-5940-5},
 keywords = {explanation paths,interpretability,social feeds,user actions},
 numpages = {9},
 pages = {240-248},
 publisher = {{ACM}},
 series = {{{WSDM}} '19},
 title = {{{FAIRY}}: {{A Framework}} for {{Understanding Relationships Between Users}}' {{Actions}} and {{Their Social Feeds}}},
 year = {2019}
}

@inproceedings{Green:2009:GTS:1639714.1639768,
 acmid = {1639768},
 author = {Green, Stephen J. and Lamere, Paul and Alexander, Jeffrey and Maillet, Fran{\c c}ois and Kirk, Susanna and Holt, Jessica and Bourque, Jackie and Mak, Xiao-Wen},
 booktitle = {Proceedings of the {{Third ACM Conference}} on {{Recommender Systems}}},
 doi = {10.1145/1639714.1639768},
 isbn = {978-1-60558-435-5},
 keywords = {explainable recommender,steerable recommender},
 numpages = {4},
 pages = {281-284},
 publisher = {{ACM}},
 series = {{{RecSys}} '09},
 title = {Generating {{Transparent}}, {{Steerable Recommendations}} from {{Textual Descriptions}} of {{Items}}},
 year = {2009}
}

@inproceedings{Gunning:2019:DEA:3301275.3308446,
 acmid = {3308446},
 author = {Gunning, David},
 booktitle = {Proceedings of the 24th {{International Conference}} on {{Intelligent User Interfaces}}},
 doi = {10.1145/3301275.3308446},
 isbn = {978-1-4503-6272-6},
 keywords = {artificial intelligence,evaluation,explanation,machine learning},
 pages = {ii-ii},
 publisher = {{ACM}},
 series = {{{IUI}} '19},
 title = {{{DARPA}}'s {{Explainable Artificial Intelligence}} ({{XAI}}) {{Program}}},
 year = {2019}
}

@inproceedings{Ha:2018:DEA:3183654.3183683,
 acmid = {3183683},
 articleno = {14},
 author = {Ha, Taehyun and Lee, Sangwon and Kim, Sangyeon},
 booktitle = {Proceedings of the {{Technology}}, {{Mind}}, and {{Society}}},
 doi = {10.1145/3183654.3183683},
 isbn = {978-1-4503-5420-2},
 keywords = {Anthropomorphism,Attribution theory,Explainability,User perception},
 numpages = {1},
 pages = {14:1-14:1},
 publisher = {{ACM}},
 series = {{{TechMindSociety}} '18},
 title = {Designing {{Explainability}} of an {{Artificial Intelligence System}}},
 year = {2018}
}

@inproceedings{Haddouchi:2018:AIC:3289402.3289549,
 acmid = {3289549},
 articleno = {49},
 author = {Haddouchi, Maissae and Berrado, Abdelaziz},
 booktitle = {Proceedings of the 12th {{International Conference}} on {{Intelligent Systems}}: {{Theories}} and {{Applications}}},
 doi = {10.1145/3289402.3289549},
 isbn = {978-1-4503-6462-1},
 keywords = {Interpretability,measures,ML,scoring},
 numpages = {6},
 pages = {49:1-49:6},
 publisher = {{ACM}},
 series = {{{SITA}}'18},
 title = {Assessing {{Interpretation Capacity}} in {{Machine Learning}}: {{A Critical Review}}},
 year = {2018}
}

@inproceedings{Hayes:2017:IRC:2909824.3020233,
 acmid = {3020233},
 author = {Hayes, Bradley and Shah, Julie A.},
 booktitle = {Proceedings of the 2017 {{ACM}}/{{IEEE International Conference}} on {{Human}}-{{Robot Interaction}}},
 doi = {10.1145/2909824.3020233},
 isbn = {978-1-4503-4336-7},
 keywords = {human-robot collaboration,human-robot interaction,human-robot teaming,interpretable machine learning},
 numpages = {10},
 pages = {303-312},
 publisher = {{ACM}},
 series = {{{HRI}} '17},
 title = {Improving {{Robot Controller Transparency Through Autonomous Policy Explanation}}},
 year = {2017}
}

@inproceedings{Hicks:2018:CRA:3204949.3208113,
 acmid = {3208113},
 author = {Hicks, Steven Alexander and Pogorelov, Konstantin and {de Lange}, Thomas and Lux, Mathias and Jeppsson, Mattis and Randel, Kristin Ranheim and Eskeland, Sigrun and Halvorsen, P\aa{}l and Riegler, Michael},
 booktitle = {Proceedings of the 9th {{ACM Multimedia Systems Conference}}},
 doi = {10.1145/3204949.3208113},
 isbn = {978-1-4503-5192-8},
 keywords = {automatic disease detection,deep learning,interpretable neural networks,medical documentation},
 numpages = {4},
 pages = {490-493},
 publisher = {{ACM}},
 series = {{{MMSys}} '18},
 title = {Comprehensible {{Reasoning}} and {{Automated Reporting}} of {{Medical Examinations Based}} on {{Deep Learning Analysis}}},
 year = {2018}
}

@inproceedings{Hicks:2018:MAR:3204949.3208129,
 acmid = {3208129},
 author = {Hicks, Steven Alexander and Eskeland, Sigrun and Lux, Mathias and {de Lange}, Thomas and Randel, Kristin Ranheim and Jeppsson, Mattis and Pogorelov, Konstantin and Halvorsen, P\aa{}l and Riegler, Michael},
 booktitle = {Proceedings of the 9th {{ACM Multimedia Systems Conference}}},
 doi = {10.1145/3204949.3208129},
 isbn = {978-1-4503-5192-8},
 keywords = {automatic disease detection,deep learning,interpretable neural networks,medical documentation},
 numpages = {6},
 pages = {369-374},
 publisher = {{ACM}},
 series = {{{MMSys}} '18},
 title = {Mimir: {{An Automatic Reporting}} and {{Reasoning System}} for {{Deep Learning Based Analysis}} in the {{Medical Domain}}},
 year = {2018}
}

@inproceedings{Holcomb:2018:ODA:3206157.3206174,
 acmid = {3206174},
 author = {Holcomb, Sean D. and Porter, William K. and Ault, Shaun V. and Mao, Guifen and Wang, Jin},
 booktitle = {Proceedings of the 2018 {{International Conference}} on {{Big Data}} and {{Education}}},
 doi = {10.1145/3206157.3206174},
 isbn = {978-1-4503-6358-7},
 keywords = {AI,AlphaGo Zero,Deep Learning,Deep Mind,Neural Networks,Reinforcement Learning},
 numpages = {5},
 pages = {67-71},
 publisher = {{ACM}},
 series = {{{ICBDE}} '18},
 title = {Overview on {{DeepMind}} and {{Its AlphaGo Zero AI}}},
 year = {2018}
}

@inproceedings{Hooker:2018:TNM:3278721.3278753,
 acmid = {3278753},
 author = {Hooker, John N. and Kim, Tae Wan N.},
 booktitle = {Proceedings of the 2018 {{AAAI}}/{{ACM Conference}} on {{AI}}, {{Ethics}}, and {{Society}}},
 doi = {10.1145/3278721.3278753},
 isbn = {978-1-4503-6012-8},
 keywords = {accountable ai,artificial intelligence ethics,autonomous machine ethics,deontology,explainable ai,kantian ai,machine ethics,modal logic},
 numpages = {7},
 pages = {130-136},
 publisher = {{ACM}},
 series = {{{AIES}} '18},
 title = {Toward {{Non}}-{{Intuition}}-{{Based Machine}} and {{Artificial Intelligence Ethics}}: {{A Deontological Approach Based}} on {{Modal Logic}}},
 year = {2018}
}

@inproceedings{Hu:2017:IWI:3132847.3133198,
 acmid = {3133198},
 author = {Hu, Xia and Ji, Shuiwang},
 booktitle = {Proceedings of the 2017 {{ACM}} on {{Conference}} on {{Information}} and {{Knowledge Management}}},
 doi = {10.1145/3132847.3133198},
 isbn = {978-1-4503-4918-5},
 keywords = {data mining,deep models,interpretability,machine learning,shallow models},
 numpages = {2},
 pages = {2565-2566},
 publisher = {{ACM}},
 series = {{{CIKM}} '17},
 title = {{{IDM}} 2017: {{Workshop}} on {{Interpretable Data Mining}} -- {{Bridging}} the {{Gap Between Shallow}} and {{Deep Models}}},
 year = {2017}
}

@article{Israelsen:2019:XAY:3303862.3267338,
 acmid = {3267338},
 articleno = {113},
 author = {Israelsen, Brett W. and Ahmed, Nisar R.},
 doi = {10.1145/3267338},
 issn = {0360-0300},
 issue_date = {February 2019},
 journal = {ACM Comput. Surv.},
 keywords = {accountability,algorithmic assurances,explainable artificial intelligence,fairness,Human-computer trust,interpretable machine learning,transparency},
 location = {New York, NY, USA},
 month = {January},
 number = {6},
 numpages = {37},
 pages = {113:1-113:37},
 publisher = {{ACM}},
 title = {\&\#{{x201C}};{{Dave}}...{{I Can Assure You}} ...{{That It}}\&\#x2019;s {{Going}} to {{Be All Right}} ...\&\#{{x201D}}; {{A Definition}}, {{Case}} for, and {{Survey}} of {{Algorithmic Assurances}} in {{Human}}-{{Autonomy Trust Relationships}}},
 volume = {51},
 year = {2019}
}

@incollection{ivancevicIntroductionHumanComputational2007,
 address = {Berlin, Heidelberg},
 booktitle = {Computational {{Mind}}: {{A Complex Dynamics Perspective}}},
 doi = {10.1007/978-3-540-71561-0_1},
 editor = {Ivancevic, Vladimir G. and Ivancevic, Tijana T.},
 file = {/home/tim/Zotero/storage/5Y4AXSEY/Ivancevic and Ivancevic - 2007 - Introduction Human and Computational Mind.pdf},
 isbn = {978-3-540-71561-0},
 keywords = {Adaptive Resonance Theory,Cellular Automaton,Horn Clause,Human Mind},
 language = {en},
 pages = {1-269},
 publisher = {{Springer Berlin Heidelberg}},
 series = {Studies in {{Computational Intelligence}}},
 shorttitle = {Introduction},
 title = {Introduction: {{Human}} and {{Computational Mind}}},
 year = {2007}
}

@inproceedings{Iyer:2018:TED:3278721.3278776,
 acmid = {3278776},
 author = {Iyer, Rahul and Li, Yuezhang and Li, Huao and Lewis, Michael and Sundar, Ramitha and Sycara, Katia},
 booktitle = {Proceedings of the 2018 {{AAAI}}/{{ACM Conference}} on {{AI}}, {{Ethics}}, and {{Society}}},
 doi = {10.1145/3278721.3278776},
 isbn = {978-1-4503-6012-8},
 keywords = {deep reinforcement learning,explainable ai,human factors,human-ai interaction,system transparency},
 numpages = {7},
 pages = {144-150},
 publisher = {{ACM}},
 series = {{{AIES}} '18},
 title = {Transparency and {{Explanation}} in {{Deep Reinforcement Learning Neural Networks}}},
 year = {2018}
}

@inproceedings{Kasneci:2016:LLW:2983323.2983746,
 acmid = {2983746},
 author = {Kasneci, Gjergji and Gottron, Thomas},
 booktitle = {Proceedings of the 25th {{ACM International}} on {{Conference}} on {{Information}} and {{Knowledge Management}}},
 doi = {10.1145/2983323.2983746},
 isbn = {978-1-4503-4073-1},
 keywords = {artificial neural networks,contribution,explanation,input variables,linear weighting scheme},
 numpages = {10},
 pages = {45-54},
 publisher = {{ACM}},
 series = {{{CIKM}} '16},
 title = {{{LICON}}: {{A Linear Weighting Scheme}} for the {{Contribution ofInput Variables}} in {{Deep Artificial Neural Networks}}},
 year = {2016}
}

@inproceedings{Kouki:2019:PEH:3301275.3302306,
 acmid = {3302306},
 author = {Kouki, Pigi and Schaffer, James and Pujara, Jay and O'Donovan, John and Getoor, Lise},
 booktitle = {Proceedings of the 24th {{International Conference}} on {{Intelligent User Interfaces}}},
 doi = {10.1145/3301275.3302306},
 isbn = {978-1-4503-6272-6},
 keywords = {explainable artificial intelligence,explainable intelligent user interfaces,explainable recommender systems,hybrid recommender systems},
 numpages = {12},
 pages = {379-390},
 publisher = {{ACM}},
 series = {{{IUI}} '19},
 title = {Personalized {{Explanations}} for {{Hybrid Recommender Systems}}},
 year = {2019}
}

@inproceedings{Kuo:2008:FEA:1486927.1486968,
 acmid = {1486968},
 author = {Kuo, Yen-Ting and Sonenberg, Liz and Lonie, Andrew},
 booktitle = {Proceedings of the 2008 {{IEEE}}/{{WIC}}/{{ACM International Conference}} on {{Web Intelligence}} and {{Intelligent Agent Technology}} - {{Volume}} 01},
 doi = {10.1109/WIIAT.2008.330},
 isbn = {978-0-7695-3496-1},
 keywords = {explanation generation,pattern interpretation},
 numpages = {4},
 pages = {48-51},
 publisher = {{IEEE Computer Society}},
 series = {{{WI}}-{{IAT}} '08},
 title = {Finding {{Explanations}} for {{Assisting Pattern Interpretation}}},
 year = {2008}
}

@inproceedings{Lim:2019:EES:3308557.3313112,
 acmid = {3313112},
 author = {Lim, Brian and Sarkar, Advait and {Smith-Renner}, Alison and Stumpf, Simone},
 booktitle = {Proceedings of the 24th {{International Conference}} on {{Intelligent User Interfaces}}: {{Companion}}},
 doi = {10.1145/3308557.3313112},
 isbn = {978-1-4503-6673-1},
 keywords = {explanations,intelligent systems,intelligibility,machine learning,transparency,visualizations},
 numpages = {2},
 pages = {125-126},
 publisher = {{ACM}},
 series = {{{IUI}} '19},
 title = {{{ExSS}}: {{Explainable Smart Systems}} 2019},
 year = {2019}
}

@inproceedings{Liu:2018:INE:3219819.3220001,
 acmid = {3220001},
 author = {Liu, Ninghao and Huang, Xiao and Li, Jundong and Hu, Xia},
 booktitle = {Proceedings of the 24th {{ACM SIGKDD International Conference}} on {{Knowledge Discovery}} \&\#38; {{Data Mining}}},
 doi = {10.1145/3219819.3220001},
 isbn = {978-1-4503-5552-0},
 keywords = {machine learning interpretation,network embedding,taxonomy},
 numpages = {9},
 pages = {1812-1820},
 publisher = {{ACM}},
 series = {{{KDD}} '18},
 title = {On {{Interpretation}} of {{Network Embedding}} via {{Taxonomy Induction}}},
 year = {2018}
}

@inproceedings{Liu:2019:RIS:3289600.3290960,
 acmid = {3290960},
 author = {Liu, Ninghao and Du, Mengnan and Hu, Xia},
 booktitle = {Proceedings of the {{Twelfth ACM International Conference}} on {{Web Search}} and {{Data Mining}}},
 doi = {10.1145/3289600.3290960},
 isbn = {978-1-4503-5940-5},
 keywords = {interpretation,recommender systems,representation learning},
 numpages = {9},
 pages = {60-68},
 publisher = {{ACM}},
 series = {{{WSDM}} '19},
 title = {Representation {{Interpretation}} with {{Spatial Encoding}} and {{Multimodal Analytics}}},
 year = {2019}
}

@inproceedings{Madumal:2018:IDE:3292147.3293450,
 acmid = {3293450},
 author = {Madumal, Prashan and Singh, Ronal and Newn, Joshua and Vetere, Frank},
 booktitle = {Proceedings of the 30th {{Australian Conference}} on {{Computer}}-{{Human Interaction}}},
 doi = {10.1145/3292147.3293450},
 isbn = {978-1-4503-6188-0},
 keywords = {explainable AI,explainable interfaces},
 numpages = {2},
 pages = {607-608},
 publisher = {{ACM}},
 series = {{{OzCHI}} '18},
 title = {Interaction {{Design}} for {{Explainable AI}}: {{Workshop Proposal}}},
 year = {2018}
}

@inproceedings{Millecamp:2019:EEE:3301275.3302313,
 acmid = {3302313},
 author = {Millecamp, Martijn and Htun, Nyi Nyi and Conati, Cristina and Verbert, Katrien},
 booktitle = {Proceedings of the 24th {{International Conference}} on {{Intelligent User Interfaces}}},
 doi = {10.1145/3301275.3302313},
 isbn = {978-1-4503-6272-6},
 keywords = {explanations,music,need for cognition,personal characteristics,recommender system,spotify,user characteristics},
 numpages = {11},
 pages = {397-407},
 publisher = {{ACM}},
 series = {{{IUI}} '19},
 title = {To {{Explain}} or {{Not}} to {{Explain}}: {{The Effects}} of {{Personal Characteristics}} When {{Explaining Music Recommendations}}},
 year = {2019}
}

@article{Miller:2019:BWU:3325198.3313107,
 acmid = {3313107},
 author = {Miller, Tim},
 doi = {10.1145/3313107},
 issn = {1528-4972},
 issue_date = {Spring 2019},
 journal = {XRDS},
 location = {New York, NY, USA},
 month = {April},
 number = {3},
 numpages = {6},
 pages = {20-25},
 publisher = {{ACM}},
 title = {"{{But Why}}?" {{Understanding Explainable Artificial Intelligence}}},
 volume = {25},
 year = {2019}
}

@inproceedings{Mittelstadt:2019:EEA:3287560.3287574,
 acmid = {3287574},
 author = {Mittelstadt, Brent and Russell, Chris and Wachter, Sandra},
 booktitle = {Proceedings of the {{Conference}} on {{Fairness}}, {{Accountability}}, and {{Transparency}}},
 doi = {10.1145/3287560.3287574},
 file = {/home/tim/Zotero/storage/DEDJBXHE/Mittelstadt et al. - 2019 - Explaining Explanations in AI.pdf},
 isbn = {978-1-4503-6125-5},
 keywords = {Accountability,Explanations,Interpretability,Philosophy of Science},
 numpages = {10},
 pages = {279-288},
 publisher = {{ACM}},
 series = {{{FAT}}* '19},
 title = {Explaining {{Explanations}} in {{AI}}},
 year = {2019}
}

@article{Ness:1970:CEG:362007.362042,
 acmid = {362042},
 author = {Ness, D. N. and Green, R. S. and Martin, W. A.},
 doi = {10.1145/362007.362042},
 issn = {0001-0782},
 issue_date = {Feb 1970},
 journal = {Commun. ACM},
 keywords = {education,interpreters,machine language,management information systems,simulation},
 location = {New York, NY, USA},
 month = {February},
 number = {2},
 numpages = {5},
 pages = {110-114},
 publisher = {{ACM}},
 title = {Computer {{Education}} in a {{Graduate School}} of {{Management}}},
 volume = {13},
 year = {1970}
}

@inproceedings{Nobrega:2019:TER:3297280.3297443,
 acmid = {3297443},
 author = {N\'obrega, Caio and Marinho, Leandro},
 booktitle = {Proceedings of the 34th {{ACM}}/{{SIGAPP Symposium}} on {{Applied Computing}}},
 doi = {10.1145/3297280.3297443},
 isbn = {978-1-4503-5933-7},
 keywords = {explanations,factorization machines,recommender systems,transparency},
 numpages = {8},
 pages = {1671-1678},
 publisher = {{ACM}},
 series = {{{SAC}} '19},
 title = {Towards {{Explaining Recommendations Through Local Surrogate Models}}},
 year = {2019}
}

@inproceedings{Paulheim:2012:EUL:2166966.2167029,
 acmid = {2167029},
 author = {Paulheim, Heiko},
 booktitle = {Proceedings of the 2012 {{ACM International Conference}} on {{Intelligent User Interfaces}}},
 doi = {10.1145/2166966.2167029},
 isbn = {978-1-4503-1048-2},
 keywords = {data analysis,linked open data,semantic web,statistics},
 numpages = {2},
 pages = {313-314},
 publisher = {{ACM}},
 series = {{{IUI}} '12},
 title = {Explain-a-{{LOD}}: {{Using Linked Open Data}} for {{Interpreting Statistics}}},
 year = {2012}
}

@inproceedings{Popat:2018:CCL:3184558.3186967,
 acmid = {3186967},
 author = {Popat, Kashyap and Mukherjee, Subhabrata and Str\"otgen, Jannik and Weikum, Gerhard},
 booktitle = {Companion {{Proceedings}} of the {{The Web Conference}} 2018},
 doi = {10.1145/3184558.3186967},
 isbn = {978-1-4503-5640-4},
 keywords = {credibility analysis,fact checking,interpretable learning},
 numpages = {4},
 pages = {155-158},
 publisher = {{International World Wide Web Conferences Steering Committee}},
 series = {{{WWW}} '18},
 title = {{{CredEye}}: {{A Credibility Lens}} for {{Analyzing}} and {{Explaining Misinformation}}},
 year = {2018}
}

@inproceedings{Pynadath:2018:CBR:3237383.3237923,
 acmid = {3237923},
 author = {Pynadath, David V. and Wang, Ning and Rovira, Ericka and Barnes, Michael J.},
 booktitle = {Proceedings of the 17th {{International Conference}} on {{Autonomous Agents}} and {{MultiAgent Systems}}},
 keywords = {affect recognition,explainable ai,human-agent teams,trust},
 numpages = {9},
 pages = {1495-1503},
 publisher = {{International Foundation for Autonomous Agents and Multiagent Systems}},
 series = {{{AAMAS}} '18},
 title = {Clustering {{Behavior}} to {{Recognize Subjective Beliefs}} in {{Human}}-{{Agent Teams}}},
 year = {2018}
}

@article{Sanderson:1991:HSL:116890.116911,
 acmid = {116911},
 author = {Sanderson, D. P. and Sharma, R. and Rozin, R. and Treu, S.},
 doi = {10.1145/116890.116911},
 issn = {1049-3301},
 issue_date = {April 1991},
 journal = {ACM Trans. Model. Comput. Simul.},
 keywords = {C++,hierarchy,HSL,inheritance,interpreter,modularity,process,simulation programming language},
 location = {New York, NY, USA},
 month = {April},
 number = {2},
 numpages = {41},
 pages = {113-153},
 publisher = {{ACM}},
 title = {The {{Hierarchical Simulation Language HSL}}: {{A Versatile Tool}} for {{Process}}-Oriented {{Simulation}}},
 volume = {1},
 year = {1991}
}

@incollection{schetininAdvancedFeatureRecognition2007,
 address = {Berlin, Heidelberg},
 author = {Schetinin, V. and Zharkova, Valentina and Brazhnikov, A. and Zharkov, S. I. and Salerno, Emanuele and Bedini, Luigi and Kuruoglu, Ercan E. and Tonazzini, Anna and Zazula, Damjan and Cigale, Boris and Yoshida, Hiroyuki},
 booktitle = {Artificial {{Intelligence}} in {{Recognition}} and {{Classification}} of {{Astrophysical}} and {{Medical Images}}},
 doi = {10.1007/978-3-540-47518-7_4},
 editor = {Zharkova, Valentina and Jain, Lakhmi C.},
 file = {/home/tim/Zotero/storage/32C6JQ4M/Schetinin et al. - 2007 - Advanced Feature Recognition and Classification Us.pdf},
 isbn = {978-3-540-47518-7},
 keywords = {Cellular Neural Network,Compute Tomography Colonography,Independent Component Analysis,Source Separation},
 language = {en},
 pages = {151-338},
 publisher = {{Springer Berlin Heidelberg}},
 series = {Studies in {{Computational Intelligence}}},
 title = {Advanced {{Feature Recognition}} and {{Classification Using Artificial Intelligence Paradigms}}},
 year = {2007}
}

@inproceedings{Schuessler:2019:MEC:3290607.3312823,
 acmid = {3312823},
 articleno = {LBW2810},
 author = {Schuessler, Martin and Wei\ss, Philipp},
 booktitle = {Extended {{Abstracts}} of the 2019 {{CHI Conference}} on {{Human Factors}} in {{Computing Systems}}},
 doi = {10.1145/3290607.3312823},
 isbn = {978-1-4503-5971-9},
 keywords = {deep neural networks,explanations,image classification,interpretable machine learning},
 numpages = {6},
 pages = {LBW2810:1-LBW2810:6},
 publisher = {{ACM}},
 series = {{{CHI EA}} '19},
 title = {Minimalistic {{Explanations}}: {{Capturing}} the {{Essence}} of {{Decisions}}},
 year = {2019}
}

@article{Siddiqui:2019:SFE:3301280.3230666,
 acmid = {3230666},
 articleno = {1},
 author = {Siddiqui, Md Amran and Fern, Alan and Dietterich, Thomas G. and Wong, Weng-Keen},
 doi = {10.1145/3230666},
 issn = {1556-4681},
 issue_date = {January 2019},
 journal = {ACM Trans. Knowl. Discov. Data},
 keywords = {Anomaly detection,anomaly explanation,anomaly interpretation,explanation evaluation},
 location = {New York, NY, USA},
 month = {January},
 number = {1},
 numpages = {22},
 pages = {1:1-1:22},
 publisher = {{ACM}},
 title = {Sequential {{Feature Explanations}} for {{Anomaly Detection}}},
 volume = {13},
 year = {2019}
}

@article{Sidner:1981:FIP:972911.972912,
 acmid = {972912},
 author = {Sidner, Candace L.},
 issn = {0891-2017},
 issue_date = {October-December 1981},
 journal = {Comput. Linguist.},
 location = {Cambridge, MA, USA},
 month = {October},
 number = {4},
 numpages = {15},
 pages = {217-231},
 publisher = {{MIT Press}},
 title = {Focusing for {{Interpretation}} of {{Pronouns}}},
 volume = {7},
 year = {1981}
}

@inproceedings{Simmons:2009:LLA:1480945.1480949,
 acmid = {1480949},
 author = {Simmons, Robert J. and Pfenning, Frank},
 booktitle = {Proceedings of the 2009 {{ACM SIGPLAN Workshop}} on {{Partial Evaluation}} and {{Program Manipulation}}},
 doi = {10.1145/1480945.1480949},
 isbn = {978-1-60558-327-3},
 keywords = {abstract interpretation,bottom-up linear logic programming,operational semantics},
 numpages = {12},
 pages = {9-20},
 publisher = {{ACM}},
 series = {{{PEPM}} '09},
 title = {Linear {{Logical Approximations}}},
 year = {2009}
}

@inproceedings{Sklar:2018:ETA:3284432.3284470,
 acmid = {3284470},
 author = {Sklar, Elizabeth I. and Azhar, Mohammad Q.},
 booktitle = {Proceedings of the 6th {{International Conference}} on {{Human}}-{{Agent Interaction}}},
 doi = {10.1145/3284432.3284470},
 isbn = {978-1-4503-5953-5},
 keywords = {computational argumentation,explainable ai,human-robot interaction},
 numpages = {9},
 pages = {277-285},
 publisher = {{ACM}},
 series = {{{HAI}} '18},
 title = {Explanation {{Through Argumentation}}},
 year = {2018}
}

@inproceedings{St.Amant:2003:BEI:604045.604074,
 acmid = {604074},
 author = {St. Amant, Robert and Dinardo, Michael D. and Buckner, Nickie},
 booktitle = {Proceedings of the 8th {{International Conference}} on {{Intelligent User Interfaces}}},
 doi = {10.1145/604045.604074},
 isbn = {1-58113-586-6},
 keywords = {data mountain,efficiency,interpretability,navigation,user interface design},
 numpages = {8},
 pages = {181-188},
 publisher = {{ACM}},
 series = {{{IUI}} '03},
 title = {Balancing {{Efficiency}} and {{Interpretability}} in an {{Interactive Statistical Assistant}}},
 year = {2003}
}

@inproceedings{Tamagnini:2017:IBC:3077257.3077260,
 acmid = {3077260},
 articleno = {6},
 author = {Tamagnini, Paolo and Krause, Josua and Dasgupta, Aritra and Bertini, Enrico},
 booktitle = {Proceedings of the {{2Nd Workshop}} on {{Human}}-{{In}}-the-{{Loop Data Analytics}}},
 doi = {10.1145/3077257.3077260},
 isbn = {978-1-4503-5029-7},
 keywords = {classification,explanation,machine learning,visual analytics},
 numpages = {6},
 pages = {6:1-6:6},
 publisher = {{ACM}},
 series = {{{HILDA}}'17},
 title = {Interpreting {{Black}}-{{Box Classifiers Using Instance}}-{{Level Visual Explanations}}},
 year = {2017}
}

@inproceedings{Tan:2018:IAD:3278721.3278802,
 acmid = {3278802},
 author = {Tan, Sarah},
 booktitle = {Proceedings of the 2018 {{AAAI}}/{{ACM Conference}} on {{AI}}, {{Ethics}}, and {{Society}}},
 doi = {10.1145/3278721.3278802},
 isbn = {978-1-4503-6012-8},
 keywords = {algorithmic fairness,black-box models,interpretability,model distillation,transparency},
 numpages = {2},
 pages = {382-383},
 publisher = {{ACM}},
 series = {{{AIES}} '18},
 title = {Interpretable {{Approaches}} to {{Detect Bias}} in {{Black}}-{{Box Models}}},
 year = {2018}
}

@inproceedings{Tsai:2018:ESR:3180308.3180368,
 acmid = {3180368},
 articleno = {59},
 author = {Tsai, Chun-Hua and Brusilovsky, Peter},
 booktitle = {Proceedings of the 23rd {{International Conference}} on {{Intelligent User Interfaces Companion}}},
 doi = {10.1145/3180308.3180368},
 isbn = {978-1-4503-5571-1},
 keywords = {Explainable Intelligent User Interface,Social Recommender},
 numpages = {2},
 pages = {59:1-59:2},
 publisher = {{ACM}},
 series = {{{IUI}} '18 {{Companion}}},
 title = {Explaining {{Social Recommendations}} to {{Casual Users}}: {{Design Principles}} and {{Opportunities}}},
 year = {2018}
}

@inproceedings{Wang:2016:IPE:2936924.2937071,
 acmid = {2937071},
 author = {Wang, Ning and Pynadath, David V. and Hill, Susan G.},
 booktitle = {Proceedings of the 2016 {{International Conference}} on {{Autonomous Agents}} \&\#38; {{Multiagent Systems}}},
 isbn = {978-1-4503-4239-1},
 keywords = {explainable ai,human-robot interaction,pomdps,trust},
 numpages = {9},
 pages = {997-1005},
 publisher = {{International Foundation for Autonomous Agents and Multiagent Systems}},
 series = {{{AAMAS}} '16},
 title = {The {{Impact}} of {{POMDP}}-{{Generated Explanations}} on {{Trust}} and {{Performance}} in {{Human}}-{{Robot Teams}}},
 year = {2016}
}

@inproceedings{Wang:2016:TCW:2906831.2906852,
 acmid = {2906852},
 author = {Wang, Ning and Pynadath, David V. and Hill, Susan G.},
 booktitle = {The {{Eleventh ACM}}/{{IEEE International Conference}} on {{Human Robot Interaction}}},
 isbn = {978-1-4673-8370-7},
 keywords = {explainable a.i.,human-robot interaction,pomdp,trust},
 numpages = {8},
 pages = {109-116},
 publisher = {{IEEE Press}},
 series = {{{HRI}} '16},
 title = {Trust {{Calibration Within}} a {{Human}}-{{Robot Team}}: {{Comparing Automatically Generated Explanations}}},
 year = {2016}
}

@inproceedings{Wang:2018:LCM:3219819.3220070,
 acmid = {3220070},
 author = {Wang, Jiaxuan and Oh, Jeeheh and Wang, Haozhu and Wiens, Jenna},
 booktitle = {Proceedings of the 24th {{ACM SIGKDD International Conference}} on {{Knowledge Discovery}} \&\#38; {{Data Mining}}},
 doi = {10.1145/3219819.3220070},
 isbn = {978-1-4503-5552-0},
 keywords = {model interpretability,regularization},
 numpages = {10},
 pages = {2417-2426},
 publisher = {{ACM}},
 series = {{{KDD}} '18},
 title = {Learning {{Credible Models}}},
 year = {2018}
}

@inproceedings{Wang:2018:TTE:3178876.3186066,
 acmid = {3186066},
 author = {Wang, Xiang and He, Xiangnan and Feng, Fuli and Nie, Liqiang and Chua, Tat-Seng},
 booktitle = {Proceedings of the 2018 {{World Wide Web Conference}}},
 doi = {10.1145/3178876.3186066},
 isbn = {978-1-4503-5639-8},
 keywords = {embedding-based model,explainable recommendation,neural attention network,tree-based model},
 numpages = {10},
 pages = {1543-1552},
 publisher = {{International World Wide Web Conferences Steering Committee}},
 series = {{{WWW}} '18},
 title = {{{TEM}}: {{Tree}}-Enhanced {{Embedding Model}} for {{Explainable Recommendation}}},
 year = {2018}
}

@inproceedings{Wannous:2013:EAO:2568493.2569296,
 acmid = {2569296},
 author = {Wannous, Rouaa and Trojahn, C\'assia},
 booktitle = {Proceedings of the 2013 {{IEEE}}/{{WIC}}/{{ACM International Joint Conferences}} on {{Web Intelligence}} ({{WI}}) and {{Intelligent Agent Technologies}} ({{IAT}}) - {{Volume}} 02},
 doi = {10.1109/WI-IAT.2013.94},
 isbn = {978-0-7695-5145-6},
 keywords = {argumentation,explanation,ontology matching},
 numpages = {6},
 pages = {80-85},
 publisher = {{IEEE Computer Society}},
 series = {{{WI}}-{{IAT}} '13},
 title = {Explaining {{Argumentation}} over {{Alignment Agreements}}},
 year = {2013}
}

@inproceedings{Weisz:2019:BTS:3301275.3302290,
 acmid = {3302290},
 author = {Weisz, Justin D. and Jain, Mohit and Joshi, Narendra Nath and Johnson, James and Lange, Ingrid},
 booktitle = {Proceedings of the 24th {{International Conference}} on {{Intelligent User Interfaces}}},
 doi = {10.1145/3301275.3302290},
 isbn = {978-1-4503-6272-6},
 keywords = {conversational agents,explainable AI,mechanical turk},
 numpages = {12},
 pages = {448-459},
 publisher = {{ACM}},
 series = {{{IUI}} '19},
 title = {{{BigBlueBot}}: {{Teaching Strategies}} for {{Successful Human}}-Agent {{Interactions}}},
 year = {2019}
}

@inproceedings{Winnemoller:2004:CTS:1628275.1628278,
 acmid = {1628278},
 author = {Winnem\"oller, Ronald},
 booktitle = {Proceedings of the {{2Nd Workshop}} on {{Text Meaning}} and {{Interpretation}}},
 numpages = {8},
 pages = {17-24},
 publisher = {{Association for Computational Linguistics}},
 series = {{{TextMean}} '04},
 title = {Constructing {{Text Sense Representations}}},
 year = {2004}
}

@inproceedings{Wu:2017:ICD:3107411.3107447,
 acmid = {3107447},
 author = {Wu, Hang and Wang, May D.},
 booktitle = {Proceedings of the 8th {{ACM International Conference}} on {{Bioinformatics}}, {{Computational Biology}},and {{Health Informatics}}},
 doi = {10.1145/3107411.3107447},
 isbn = {978-1-4503-4722-8},
 keywords = {causal inference,deep learning,interpretability},
 numpages = {10},
 pages = {526-535},
 publisher = {{ACM}},
 series = {{{ACM}}-{{BCB}} '17},
 title = {Infer {{Cause}} of {{Death}} for {{Population Health Using Convolutional Neural Network}}},
 year = {2017}
}

@article{Wyner:2017:ESA:3122009.3153004,
 acmid = {3153004},
 author = {Wyner, Abraham J. and Olson, Matthew and Bleich, Justin and Mease, David},
 issn = {1532-4435},
 issue_date = {January 2017},
 journal = {J. Mach. Learn. Res.},
 keywords = {adaboost,classification,overfitting,random forests,tree-ensembles},
 month = {January},
 number = {1},
 numpages = {33},
 pages = {1558-1590},
 publisher = {{JMLR.org}},
 title = {Explaining the {{Success}} of {{Adaboost}} and {{Random Forests As Interpolating Classifiers}}},
 volume = {18},
 year = {2017}
}

@inproceedings{Xiong:2017:ENA:3077136.3080809,
 acmid = {3080809},
 author = {Xiong, Chenyan and Dai, Zhuyun and Callan, Jamie and Liu, Zhiyuan and Power, Russell},
 booktitle = {Proceedings of the 40th {{International ACM SIGIR Conference}} on {{Research}} and {{Development}} in {{Information Retrieval}}},
 doi = {10.1145/3077136.3080809},
 isbn = {978-1-4503-5022-8},
 keywords = {embedding,kernel pooling,neural ir,ranking,relevance model},
 numpages = {10},
 pages = {55-64},
 publisher = {{ACM}},
 series = {{{SIGIR}} '17},
 title = {End-to-{{End Neural Ad}}-Hoc {{Ranking}} with {{Kernel Pooling}}},
 year = {2017}
}

@inproceedings{Zhang:2018:DAP:3301551.3301588,
 acmid = {3301588},
 author = {Zhang, Chiliang and Yang, Zhimou and Ye, Zuochang},
 booktitle = {Proceedings of the 6th {{International Conference}} on {{Information Technology}}: {{IoT}} and {{Smart City}}},
 doi = {10.1145/3301551.3301588},
 isbn = {978-1-4503-6629-8},
 keywords = {Adversarial Examples,Convolutional Neural Networks,Model Interpretation,Saliency},
 numpages = {6},
 pages = {25-30},
 publisher = {{ACM}},
 series = {{{ICIT}} 2018},
 title = {Detecting {{Adversarial Perturbations}} with {{Salieny}}},
 year = {2018}
}

@inproceedings{Zhang:2018:SWE:3209978.3210193,
 acmid = {3210193},
 author = {Zhang, Yongfeng and Zhang, Yi and Zhang, Min},
 booktitle = {The 41st {{International ACM SIGIR Conference}} on {{Research}} \&\#38; {{Development}} in {{Information Retrieval}}},
 doi = {10.1145/3209978.3210193},
 isbn = {978-1-4503-5657-2},
 keywords = {explainable recommendation,explainable search,information retrieval,recommendation systems},
 numpages = {3},
 pages = {1411-1413},
 publisher = {{ACM}},
 series = {{{SIGIR}} '18},
 title = {{{SIGIR}} 2018 {{Workshop}} on {{ExplainAble Recommendation}} and {{Search}} ({{EARS}} 2018)},
 year = {2018}
}

@inproceedings{Zheng:2018:DDL:3232565.3232569,
 acmid = {3232569},
 author = {Zheng, Ying and Liu, Ziyu and You, Xinyu and Xu, Yuedong and Jiang, Junchen},
 booktitle = {Proceedings of the {{2Nd Asia}}-{{Pacific Workshop}} on {{Networking}}},
 doi = {10.1145/3232565.3232569},
 isbn = {978-1-4503-6395-2},
 keywords = {Interpretability,Neural networks,Resource allocation},
 numpages = {7},
 pages = {1-7},
 publisher = {{ACM}},
 series = {{{APNet}} '18},
 title = {Demystifying {{Deep Learning}} in {{Networking}}},
 year = {2018}
}

@inproceedings{Zurek:2013:MTI:2514601.2514619,
 acmid = {2514619},
 author = {Zurek, Tomasz and Araszkiewicz, Micha\l{}},
 booktitle = {Proceedings of the {{Fourteenth International Conference}} on {{Artificial Intelligence}} and {{Law}}},
 doi = {10.1145/2514601.2514619},
 isbn = {978-1-4503-2080-1},
 keywords = {argumentation,reasoning,teleological interpretation},
 numpages = {9},
 pages = {160-168},
 publisher = {{ACM}},
 series = {{{ICAIL}} '13},
 title = {Modeling {{Teleological Interpretation}}},
 year = {2013}
}

